3116 4996
693 474 912 538 ..37-

1199 590 1206 604 Ι

1222 609 1228 620 ι

267 669 389 734 formae
413 666 541 732 dicendi
564 668 682 739 instar:
707 667 779 752 Ipn,
805 666 882 738 Aul,
903 669 997 749 1343,
1022 667 1156 752 Hippol.
1180 669 1254 748 718,
1281 653 1355 739 ΕΙ,

267 781 340 861 639,
373 775 450 860 frgt.
477 777 549 840 175.
606 774 763 840 Declarat
796 775 857 840 hoc
888 774 974 847 Plat.
1006 775 1100 858 Reip,
1135 773 1182 855 X,
1216 769 1333 840 6040

266 881 377 972 ὥσπερ
411 885 447 953 ἐν
470 881 594 952 πτώσει
626 883 746 968 κύβων,
770 884 855 972 πρὸς
888 883 928 952 τὰ
951 883 1156 952 πεπτωκότα
1181 887 1333 953 τίθεσθαι

269 992 309 1060 τὰ
332 988 437 1060 αὐτοῦ
456 988 638 1078 πράγματα.
684 991 778 1055 Haeo
802 989 968 1062 haetenus,

357 1096 459 1162 Aliud
484 1117 522 1161 ex
546 1096 659 1182 eodem
691 1096 780 1162 fonte
810 1095 993 1176 derivatum
1028 1093 1234 1179 prouerbium
1258 1095 1333 1162 affe-

268 1212 344 1271 runt
367 1205 478 1275 scholl,
504 1204 623 1275 Aeseh.
649 1203 767 1285 Agam.
792 1208 833 1268 33
864 1210 897 1268 et
919 1202 999 1273 Eur.
1024 1201 1130 1274 Orest.
1156 1204 1231 1284 60³,
1260 1201 1332 1268 dioo

271 1311 371 1397 Soph.
395 1312 469 1395 frgt.
495 1317 578 1382 809:
855 1305 858 1310 ¹

406 1433 465 1505 ἀεὶ
489 1435 558 1522 γὰρ
586 1428 627 1504 ed
649 1441 872 1505 πίπτουσιν
896 1437 935 1503 οἱ
957 1436 1048 1513 Διὸς
1071 1432 1195 1520 κύβον

269 1541 559 1627 Paroemiographi
591 1542 672 1638 duas
706 1541 865 1627 praebent
887 1543 1336 1626 interpretationoa3'utram·

272 1670 332 1732 que
362 1650 498 1733 legimus
528 1671 579 1734 ap.
603 1651 683 1722 Zon.
707 1649 754 1726 ΙΙ,
779 1654 826 1734 44Ι
852 1656 884 1714 et
912 1649 1007 1732 Diog.
1030 1648 1059 1730 I,
1080 1653 1147 1727 ,582
1180 1653 1233 1722 ἐπὶ
1267 1660 1335 1721 τῶν

270 1759 314 1833 εἰς
330 1757 441 1826 πάντα
457 1754 752 1844 εὐδαιμονούντων.
778 1760 810 1826 οἱ
819 1762 853 1826 δὲ
864 1762 918 1826 ἐπὶ
935 1765 1003 1846 τῶν
1020 1756 1117 1844 ἀξίως
1134 1763 1334 1846 τιμωμένων.

271 1862 358 1927 Mac.
384 1862 412 1944 I,
439 1867 538 1930 aret
562 1841 680 1947 Apost.
707 1864 733 1945 Ι,
766 1869 809 1929 40
842 1869 993 1949 repetunt
1016 1866 1165 1949 priorem,
1199 1865 1335 1931 alteram

272 1967 314 2040 G.
338 1966 375 2041 O.
400 1971 427 2052 Ι,
463 1975 504 2037 18
529 1977 561 2035 et
594 1967 636 2036 G.
670 1969 706 2040 O.
741 1971 788 2044 M,
822 1972 850 2051 Ι,
888 1975 939 2041 18.
995 1969 1105 2046 Facile
1137 1967 1336 2054 intellegitur

271 2077 357 2141 illam
381 2099 477 2141 unam
502 2099 571 2144 esse
595 2079 798 2163 probandam
831 2084 863 2144 et
887 2076 1049 2161 quadrare
1073 2069 1279 2162 proverbium
1302 2077 1335 2144 in

270 2183 336 2265 eoo,
362 2177 477 2266 quibus
503 2205 573 2267 „res
599 2207 718 2267 omues,
743 2193 780 2252 ut
803 2187 849 2251 ait
872 2186 1029 2252 Erasmus
1053 2203 1082 2268 p.
1101 2187 1154 2268 93,
1178 2193 1334 2270 perpetuo

275 2289 414 2372 quodam
437 2291 587 2357 fortunae
611 2292 730 2375 lavore,
765 2294 925 2358 exanimi
960 2293 1120 2359 sententia
1148 2279 1333 2366 caderent‚“

361 2397 413 2462 Ex
435 2398 512 2464 ludo
536 2399 800 2483 latrunculorum,
826 2421 920 2482 quem
944 2399 1081 2466 maxime
1101 2399 1337 2468 adamaverunt

264 2506 398 2587 'Graeci
424 2505 602 2592 profectum
628 2528 697 2572 esse
721 2507 798 2572 mihi
822 2506 948 2572 videtur
979 2505 1183 2593 proverbium
1207 2509 1337 2578 πάντα

271 2620 387 2683 λίθον
411 2614 476 2679 sive
499 2620 648 2702 πέτρον
672 2615 925 2703 xrr·etr·,'qu0d
952 2623 1088 2700 usurpat
1103 2611 1181 2686 Eur.
1201 2615 1334 2686 Heraol.

274 2723 375 2785 1002:

432 2844 493 2914 oda
518 2849 615 2934 ἐχρῆν
638 2850 669 2933 μ’
694 2844 755 2936 dou
779 2904 785 2919 .
811 2905 817 2919 .
843 2906 848 2918 .
874 2906 880 2920 .

431 2954 559 3023 πάντα
582 2962 738 3042 κινῆσαι
761 2961 925 3043 πέτρον,

432 3067 606 3130 κτείνοντα
628 3058 857 3145 κίἐκβάλλοντο
881 3067 934 3131 καὶ
959 3063 1182 3150 τεχνώμενον,

272 3163 371 3232 Cuius
396 3166 436 3231 de
459 3169 489 3232 vi
513 3166 602 3233 nulla
625 3178 674 3234 est
697 3168 872 3254 dissensi03
897 3167 1014 3233 dieitur
1038 3167 1121 3234 euim
1145 3169 1177 3234 in
1201 3190 1255 3234 eos
1280 3169 1336 3253 qui

270 3273 349 3338 nihil
382 3296 446 3340 non
479 3277 704 3360 experiuntur,
730 3283 765 3341 ut
798 3295 942 3364 eaquae
974 3275 1073 3340 velint
1096 3275 1325 3360 adipiscantur·

271 3381 311 3452 cf.
334 3381 430 3465 Diog.
459 3382 536 3459 VII,
561 3386 621 3468 423
645 3383 731 3455 Mae.
759 3383 835 3464 VII,
860 3389 890 3448 4.
937 3377 1110 3448 Praeclare
1143 3390 1251 3450 autem
1275 3384 1336 3467 sig-

271 3489 412 3554 nificatio
438 3496 575 3574 apparet
599 3511 637 3554 ex
660 3489 744 3561 Plin.
770 3491 862 3573 epist.
887 3489 914 3572 Ι,
941 3488 992 3572 20,
1021 3493 1080 3557 15:
1107 3491 1235 3572 „omnia
1266 3511 1337 3574 per-

243 3601 402 3678 tempto,
443 3597 554 3661 omnia
596 3596 752 3680 experior,
793 3597 901 3665 πάντα
935 3595 1071 3680 denique
1103 3603 1200 3667 λίθον
1222 3601 1334 3670 κινώ.“

270 3699 337 3767 Sed
361 3702 401 3766 de
424 3703 546 3786 origine
579 3703 686 3785 adagii
705 3723 788 3786 quae
812 3699 982 3787 proferunt
996 3705 1198 3788 interpreter,
1219 3727 1239 3768 a
1261 3725 1336 3770 uero

270 3809 423 3876 aberrare
446 3810 562 3875 iudico.
621 3811 750 3875 Etenim
774 3809 843 3876 Zeu
879 3807 920 3891 V,
954 3815 1015 3894 633
1039 3804 1156 3894 Apost,
1180 3809 1248 3892 ΙΙΙ,
1274 3816 1335 3892 91;

273 3915 371 3981 schol.
407 3916 510 3987 Arist.
544 3916 655 4000 Equit,
680 3920 754 4000 756,
779 3909 932 4001 Hesych„
965 3915 1078 3999 phoa,
1104 3916 1195 3990 Suid.
1228 3920 1337 4002 eisque

274 4025 367 4090 nixus
391 4024 547 4089 Erasmus
570 4047 602 4108 p.
628 4028 691 4090 130
724 4025 838 4089 miram
863 4030 997 4089 narrant
1020 4023 1164 4091 fabulam
1188 4025 1228 4090 de
1253 4021 1336 4090 The-

274 4129 356 4196 bano
391 4131 551 4216 quodam,
593 4132 648 4216 qui
680 4153 808 4196 rumore
841 4129 971 4215 vulgato
1004 4124 1212 4200 Mardonium
1246 4133 1337 4198 iutra
