3116 4996
716 487 938 546 ..30-

220 731 224 736 .
279 673 349 739 ·ubi
378 672 475 743 schol.
508 674 696 757 adscripsit:
727 672 825 764 ’ταησ
859 677 898 745 τὸ
929 676 1105 764 λεγόμενον
1135 678 1171 744 ἐν
1197 679 1363 763 συνηθείᾳ·

294 778 456 878 „addaiu
483 778 652 868 εὐτυχὴς
689 784 787 869 πηὸς
819 784 958 870 μάντιν
991 780 1240 869 ιἰτιέηχεταιῖί,
1276 783 1363 866 quod

295 886 415 952 dictum
447 887 552 952 iudica
588 889 784 972 explicatum
816 891 872 955 iilo
905 889 1032 955 videtur
1066 889 1227 976 proverbii
1257 889 1363 955 lucum

296 993 482 1065 obtinuisse,
508 1033 549 1042 -—

383 1120 437 1185 Ab
469 1119 694 1212 fabrurum
718 1120 847 1207 'regula
871 1124 944 1216 siue
977 1123 1097 1187 amussi
1129 1123 1250 1206 pentae
1287 1129 1362 1187 suut

295 1225 378 1291 duae
396 1226 483 1311 apud
506 1229 646 1312 tragicos
672 1230 783 1295 obviae
807 1232 984 1296 locutiones
1006 1230 1233 1314 proverbiales.
1277 1227 1363 1311 Qua-

294 1354 364 1398 rum
388 1333 492 1400 altera
514 1337 547 1400 iu
571 1336 672 1402 lucem
691 1337 876 1420 famamque
899 1345 1052 1422 proveeta
1075 1344 1124 1401 est
1145 1336 1185 1402 ab
1202 1333 1363 1420 Sophocle

295 1440 328 1505 in
352 1439 427 1523 frgt.
453 1444 535 1513 306:

386 1582 455 1644 τοῖς
477 1571 537 1662 μὲν
563 1568 670 1647 λόγοις
694 1583 763 1646 τοῖς
787 1586 890 1640 σοῖσιν
914 1567 952 1638 οἷ’
978 1575 1196 1658 τεκμαίρομαι,

386 1672 425 1742 ου’·
448 1683 572 1761 μάλλον
596 1673 615 1761 i)
638 1683 764 1762 λευκῷ
788 1683 887 1763 λίθῳ
910 1679 1027 1764 λευκὴ
1054 1674 1223 1763 στάθμη.

295 1797 368 1882 Quo
408 1799 447 1863 de
485 1800 655 1883 proverbio
696 1799 738 1871 G.
772 1800 807 1867 O.
841 1801 878 1872 L,
902 1801 958 1882 Π,
984 1808 1024 1867 67
1057 1802 1125 1888 (qui
1159 1801 1200 1866 ad
1230 1801 1361 1866 verbum
1409 1823 1413 1830 ·

295 1906 362 1971 fere
386 1909 545 1972 consentit
577 1929 649 1972 cum
672 1905 772 1978 schol,
796 1909 884 1988 Par,
917 1910 994 1995 323)
1028 1910 1108 1974 haec
1131 1909 1275 1993 profert:
1307 1911 1362 1979 ἐπὶ

297 2021 365 2083 τιόν
411 2009 514 2101 άδηλιι
562 2013 693 2102 driuidum
724 2023 967 2104 σημειουμένων
1014 2016 1076 2088 κάν
1119 2018 1230 2103 τούτῳ
1260 2021 1363 2104 μηδὲν

296 2123 488 2191 συνιέντων.
514 2118 532 2208 η
547 2119 608 2209 γάρ
625 2125 660 2190 ἐν
677 2131 803 2198 λευκοῖς
826 2128 932 2200 λίθοις
948 2124 1079 2212 στάθμη
1095 2124 1193 2210 λευκὴ
1210 2121 1249 2192 ου’·
1267 2124 1363 2193 δάνο-

285 2254 349 2295 ’ται
383 2227 548 2297 daramium
580 2225 632 2296 did
659 2229 698 2296 τὸ
720 2229 764 2316 μη
787 2231 1044 2318 ιιιιηιιλλάττειν,
1078 2231 1228 2320 καθάπερ
1266 2229 1284 2318 η
1309 2231 1361 2300 διὰ

297 2342 353 2421 τῆς
376 2340 500 2421 μίλτου
517 2340 697 2423 γιγνομένη.
729 2336 775 2412 ὡς
799 2345 885 2422 Σοιμἱ
911 2347 982 2409 κτλ,
1030 2337 1156 2402 Eadem
1180 2337 1248 2402 fere
1272 2359 1362 2422 prae·
1418 2398 1420 2406 ,

296 2441 392 2508 beut:
416 2440 513 2512 Phot.
538 2440 616 2506 Lex.
642 2465 671 2525 p.
691 2448 765 2524 217,
794 2448 852 2523 113
879 2442 965 2514 Suid.
992 2451 1024 2509 et
1046 2444 1187 2528 Hesyeh.
1213 2467 1240 2509 ν.
1265 2444 1362 2530 λευκὴ

210 2616 214 2625 ,
297 2548 442 2636 στάθμη·
467 2547 580 2632 Aliost.
606 2548 653 2631 X,
679 2554 739 2630 643
766 2554 854 2615 Euat.
888 2551 928 2621 Il.
952 2575 983 2634 p,
1011 2553 1106 2624 1022,
1153 2551 1362 2617 Proverbium

298 2662 490 2740 receperunt
513 2656 592 2727 Zeu,
615 2656 676 2738 IV,
703 2663 743 2721 89
778 2664 811 2720 et
834 2656 875 2723 G.
902 2656 937 2728 O.
962 2657 1010 2738 ΙΙ,
1047 2663 1128 2745 100;
1161 2658 1363 2724 decurtatam

296 2761 434 2827 formam
458 2764 556 2850 λευκὴ
573 2764 705 2851 στάθμη
727 2764 849 2828 habant
865 2765 962 2847 Diog.
979 2765 1039 2846 VI,
1057 2769 1095 2846 83
1120 2766 1162 2836 D.
1180 2766 1224 2836 V.
1241 2764 1308 2846 HI,
1327 2771 1363 2844 93

195 2916 199 2926 ,
298 2869 382 2937 Plut.
408 2891 497 2953 prov.
521 2871 554 2944 Ι,
580 2874 634 2940 39.
687 2870 773 2954 Quid
798 2871 856 2935 sibi
880 2873 956 2938 velit
979 2873 1140 2955 adagium,
1165 2873 1277 2956 liquet.
1311 2870 1363 2938 Of.
1436 2913 1439 2920 .

298 2975 382 3041 Plat.
409 2975 540 3042 Oharm.
577 2981 641 3044 154
663 2977 712 3049 B:
745 2976 891 3066 ιἰτιχνώς
923 2981 982 3068 γάρ
1006 2980 1105 3068 tevai}
1139 2980 1269 3068 στάθμη
1302 2984 1365 3067 εἰμὶ

298 3083 384 3169 πρὸς
407 3083 486 3160 τούς
509 3084 637 3162 καλούς.

388 3209 506 3273 Altera
547 3208 590 3274 ad
630 3212 782 3275 amussim
827 3217 975 3293 spectans
1014 3213 1133 3278 locutio
1173 3220 1222 3278 est
1260 3208 1390 3296 παρὰ·

299 3314 489 3404 στάθμην,
534 3316 671 3399 Legitur
694 3320 726 3382 in
751 3317 849 3401 Soph.
873 3318 949 3401 frgt.
975 3323 1059 3391 430:

451 3438 536 3512 (dura
561 3447 720 3520 τέκτονος
744 3451 753 3529 l
777 3446 880 3532 παρὰ
904 3445 1080 3533 στάθμην
1105 3445 1215 3521 ἰόντος

301 3567 540 3651 significatque:
575 3569 812 3634 secundum
837 3571 1002 3653 amussim,
1028 3571 1070 3636 ad
1093 3577 1214 3635 rectam
1238 3569 1365 3652 lineam,

301 3681 461 3741 accurate.
510 3676 583 3743 vid.
610 3679 733 3749 Erasm
758 3699 787 3760 p.
814 3681 888 3749 173.
935 3677 1108 3744 Contraria
1125 3685 1233 3743 autem
1250 3677 1295 3741 vis
1320 3677 1367 3740 in·

304 3789 353 3847 est
375 3783 409 3846 in
432 3781 551 3852 Aeseh,
576 3781 694 3866 Agam,
721 3787 828 3856 1045:

403 3887 487 3977 ὠμοί
510 3918 546 3958 τε
571 3886 702 3968 aotam
725 3891 834 3962 πάντά
858 3897 911 3962 καὶ
935 3889 1038 3978 παρὰ
1063 3892 1254 3980 στάθμην,

301 4035 375 4078 nam
399 4014 502 4085 valet:
527 4023 709 4098 praeter
742 4018 892 4081 amussim
916 4017 935 4087 i,
961 4039 987 4089 e,
1012 4025 1195 4100 praeter
1228 4039 1366 4100 aequum

301 4119 495 4205 bonumque.
552 4121 648 4206 Quod
673 4123 790 4188 alieubi
814 4123 897 4188 hana
921 4123 1185 4206 significationem
1204 4117 1273 4190 ¹non
1297 4144 1368 4207 rep·
