<?xml version="1.0" encoding="UTF-8"?>
<!DOCTYPE html PUBLIC "-//W3C//DTD XHTML 1.0 Transitional//EN"
    "http://www.w3.org/TR/xhtml1/DTD/xhtml1-transitional.dtd">
<html xmlns="http://www.w3.org/1999/xhtml" xml:lang="en" lang="en">
 <head>
  <title>
</title>
<meta http-equiv="Content-Type" content="text/html;charset=utf-8" />
  <meta name='ocr-system' content='tesseract 3.04.00' />
  <meta name='ocr-capabilities' content='ocr_page ocr_carea ocr_par ocr_line ocrx_word'/>
</head>
<body>
  <div class='ocr_page' id='page_1' title='image "./quaestionumdepr01kochgoog_0010.png"; bbox 0 0 3116 4996; ppageno 0'>
   <div class='ocr_carea' id='block_1_1' title="bbox 651 501 851 564">
    <p class='ocr_par' dir='ltr' id='par_1_1' title="bbox 651 501 851 564">
     <span class='ocr_line' id='line_1_1' title="bbox 651 501 851 564; baseline -0.005 -17"><span class='ocrx_word' id='word_1_1' title='bbox 651 501 851 564; x_wconf 74' lang='grc'>,3-</span> 
     </span>
    </p>
   </div>
   <div class='ocr_carea' id='block_1_2' title="bbox 158 693 1327 3031">
    <p class='ocr_par' dir='ltr' id='par_1_2' title="bbox 158 693 1327 3031">
     <span class='ocr_line' id='line_1_2' title="bbox 305 693 1284 781; baseline -0.007 -17"><span class='ocrx_word' id='word_1_2' title='bbox 305 699 377 764; x_wconf 89' lang='lat' dir='ltr'>Nec</span> <span class='ocrx_word' id='word_1_3' title='bbox 399 705 506 764; x_wconf 88' lang='lat' dir='ltr'>tamen</span> <span class='ocrx_word' id='word_1_4' title='bbox 532 697 620 781; x_wconf 88' lang='lat' dir='ltr'>prius</span> <span class='ocrx_word' id='word_1_5' title='bbox 646 696 787 764; x_wconf 91' lang='lat' dir='ltr'>omnium</span> <span class='ocrx_word' id='word_1_6' title='bbox 816 693 1057 778; x_wconf 81' lang='lat' dir='ltr'>proverbiorum</span> <span class='ocrx_word' id='word_1_7' title='bbox 1083 693 1284 760; x_wconf 82' lang='lat' dir='ltr'>Graecorum</span> 
     </span>
     <span class='ocr_line' id='line_1_3' title="bbox 218 790 1284 892; baseline -0.003 -21"><span class='ocrx_word' id='word_1_8' title='bbox 218 811 425 891; x_wconf 83' lang='lat' dir='ltr'>conspectum</span> <span class='ocrx_word' id='word_1_9' title='bbox 442 804 640 892; x_wconf 67' lang='lat' dir='ltr'>habebimus</span> <span class='ocrx_word' id='word_1_10' title='bbox 659 824 757 886; x_wconf 84' lang='lat' dir='ltr'>quam</span> <span class='ocrx_word' id='word_1_11' title='bbox 774 790 857 885; x_wconf 66' lang='lat' dir='ltr'>(puae</span> <span class='ocrx_word' id='word_1_12' title='bbox 874 803 960 887; x_wconf 86' lang='lat' dir='ltr'>apud</span> <span class='ocrx_word' id='word_1_13' title='bbox 978 803 1118 885; x_wconf 86' lang='lat' dir='ltr'>singulos</span> <span class='ocrx_word' id='word_1_14' title='bbox 1136 809 1284 868; x_wconf 81' lang='lat' dir='ltr'>auctores</span> 
     </span>
     <span class='ocr_line' id='line_1_4' title="bbox 215 911 1285 995; baseline -0.006 -17"><span class='ocrx_word' id='word_1_15' title='bbox 215 913 421 978; x_wconf 91' lang='lat' dir='ltr'>inveniuntur</span> <span class='ocrx_word' id='word_1_16' title='bbox 444 919 597 995; x_wconf 85' lang='lat' dir='ltr'>excerpta</span> <span class='ocrx_word' id='word_1_17' title='bbox 625 920 658 976; x_wconf 89' lang='lat' dir='ltr'>et</span> <span class='ocrx_word' id='word_1_18' title='bbox 680 917 823 976; x_wconf 88' lang='lat' dir='ltr'>tractata</span> <span class='ocrx_word' id='word_1_19' title='bbox 848 917 951 982; x_wconf 82' lang='lat' dir='ltr'>erunt,</span> <span class='ocrx_word' id='word_1_20' title='bbox 1013 911 1130 992; x_wconf 82' lang='lat' dir='ltr'>[taque</span> <span class='ocrx_word' id='word_1_21' title='bbox 1164 911 1189 974; x_wconf 89' lang='lat' dir='ltr'>si</span> <span class='ocrx_word' id='word_1_22' title='bbox 1214 911 1285 993; x_wconf 81' lang='lat' dir='ltr'>quis</span> 
     </span>
     <span class='ocr_line' id='line_1_5' title="bbox 215 1007 1327 1102; baseline -0.004 -18"><span class='ocrx_word' id='word_1_23' title='bbox 215 1021 333 1086; x_wconf 89' lang='lat' dir='ltr'>nostris</span> <span class='ocrx_word' id='word_1_24' title='bbox 357 1016 555 1102; x_wconf 82' lang='lat' dir='ltr'>temporibus</span> <span class='ocrx_word' id='word_1_25' title='bbox 571 1020 603 1082; x_wconf 90' lang='lat' dir='ltr'>iu</span> <span class='ocrx_word' id='word_1_26' title='bbox 629 1017 826 1083; x_wconf 82' lang='lat' dir='ltr'>excutiendis</span> <span class='ocrx_word' id='word_1_27' title='bbox 843 1019 1019 1101; x_wconf 80' lang='lat' dir='ltr'>proverbiis</span> <span class='ocrx_word' id='word_1_28' title='bbox 1035 1016 1176 1083; x_wconf 91' lang='lat' dir='ltr'>studium</span> <span class='ocrx_word' id='word_1_29' title='bbox 1193 1039 1285 1080; x_wconf 90' lang='lat' dir='ltr'>suum</span> <span class='ocrx_word' id='word_1_30' title='bbox 1325 1007 1327 1012; x_wconf 69' lang='grc'><strong>’</strong></span> 
     </span>
     <span class='ocr_line' id='line_1_6' title="bbox 218 1121 1284 1214; baseline -0.007 -20"><span class='ocrx_word' id='word_1_31' title='bbox 218 1148 412 1214; x_wconf 81' lang='lat' dir='ltr'>operamque</span> <span class='ocrx_word' id='word_1_32' title='bbox 436 1125 582 1208; x_wconf 86' lang='lat' dir='ltr'>collocat,</span> <span class='ocrx_word' id='word_1_33' title='bbox 617 1147 686 1189; x_wconf 92' lang='lat' dir='ltr'>eam</span> <span class='ocrx_word' id='word_1_34' title='bbox 721 1127 805 1196; x_wconf 85' lang='lat' dir='ltr'>viam</span> <span class='ocrx_word' id='word_1_35' title='bbox 837 1125 1039 1208; x_wconf 85' lang='lat' dir='ltr'>ingrediatur</span> <span class='ocrx_word' id='word_1_36' title='bbox 1072 1121 1284 1205; x_wconf 77' lang='lat' dir='ltr'>necesse-est,</span> 
     </span>
     <span class='ocr_line' id='line_1_7' title="bbox 217 1233 1287 1318; baseline -0.007 -18"><span class='ocrx_word' id='word_1_37' title='bbox 217 1243 252 1300; x_wconf 90' lang='lat' dir='ltr'>ut</span> <span class='ocrx_word' id='word_1_38' title='bbox 283 1234 438 1318; x_wconf 87' lang='lat' dir='ltr'>imprimis</span> <span class='ocrx_word' id='word_1_39' title='bbox 472 1235 594 1317; x_wconf 88' lang='lat' dir='ltr'>scripta</span> <span class='ocrx_word' id='word_1_40' title='bbox 627 1241 795 1298; x_wconf 87' lang='lat' dir='ltr'>auctorum</span> <span class='ocrx_word' id='word_1_41' title='bbox 829 1242 972 1302; x_wconf 87' lang='lat' dir='ltr'>veterum</span> <span class='ocrx_word' id='word_1_42' title='bbox 1009 1234 1080 1316; x_wconf 90' lang='lat' dir='ltr'>ipsa</span> <span class='ocrx_word' id='word_1_43' title='bbox 1111 1233 1287 1316; x_wconf 81' lang='lat' dir='ltr'>perlustret</span> 
     </span>
     <span class='ocr_line' id='line_1_8' title="bbox 217 1337 1283 1425; baseline -0.003 -21"><span class='ocrx_word' id='word_1_44' title='bbox 217 1340 457 1423; x_wconf 88' lang='lat' dir='ltr'>secundumque</span> <span class='ocrx_word' id='word_1_45' title='bbox 488 1340 594 1405; x_wconf 90' lang='lat' dir='ltr'>locum</span> <span class='ocrx_word' id='word_1_46' title='bbox 618 1337 760 1425; x_wconf 85' lang='lat' dir='ltr'>assignet</span> <span class='ocrx_word' id='word_1_47' title='bbox 793 1339 1090 1422; x_wconf 81' lang='lat' dir='ltr'>paroemiogrephis</span> <span class='ocrx_word' id='word_1_48' title='bbox 1124 1346 1156 1404; x_wconf 88' lang='lat' dir='ltr'>et</span> <span class='ocrx_word' id='word_1_49' title='bbox 1180 1360 1283 1420; x_wconf 81' lang='lat' dir='ltr'>grum-</span> 
     </span>
     <span class='ocr_line' id='line_1_9' title="bbox 158 1431 1287 1529; baseline -0.004 -17"><span class='ocrx_word' id='word_1_50' title='bbox 158 1431 164 1448; x_wconf 69' lang='grc'><strong>’</strong></span> <span class='ocrx_word' id='word_1_51' title='bbox 218 1449 352 1517; x_wconf 80' lang='lat' dir='ltr'>niaticis,</span> <span class='ocrx_word' id='word_1_52' title='bbox 400 1447 471 1513; x_wconf 89' lang='lat' dir='ltr'>Nec</span> <span class='ocrx_word' id='word_1_53' title='bbox 495 1447 612 1514; x_wconf 88' lang='lat' dir='ltr'>desunt</span> <span class='ocrx_word' id='word_1_54' title='bbox 637 1449 692 1529; x_wconf 92' lang='lat' dir='ltr'>qui</span> <span class='ocrx_word' id='word_1_55' title='bbox 715 1454 840 1529; x_wconf 90' lang='lat' dir='ltr'>partem</span> <span class='ocrx_word' id='word_1_56' title='bbox 872 1446 967 1510; x_wconf 92' lang='lat' dir='ltr'>huius</span> <span class='ocrx_word' id='word_1_57' title='bbox 992 1447 1097 1528; x_wconf 91' lang='lat' dir='ltr'>operis</span> <span class='ocrx_word' id='word_1_58' title='bbox 1122 1444 1287 1510; x_wconf 81' lang='lat' dir='ltr'>absolvere</span> 
     </span>
     <span class='ocr_line' id='line_1_10' title="bbox 221 1552 1287 1638; baseline -0.002 -20"><span class='ocrx_word' id='word_1_59' title='bbox 221 1555 402 1638; x_wconf 82' lang='lat' dir='ltr'>coeperint:</span> <span class='ocrx_word' id='word_1_60' title='bbox 436 1553 658 1637; x_wconf 81' lang='lat' dir='ltr'>Schwidopius</span> <span class='ocrx_word' id='word_1_61' title='bbox 684 1561 889 1636; x_wconf 89' lang='lat' dir='ltr'>conspectum</span> <span class='ocrx_word' id='word_1_62' title='bbox 914 1553 1157 1637; x_wconf 85' lang='lat' dir='ltr'>proverbiorum</span> <span class='ocrx_word' id='word_1_63' title='bbox 1181 1574 1200 1618; x_wconf 90' lang='lat' dir='ltr'>a</span> <span class='ocrx_word' id='word_1_64' title='bbox 1223 1552 1287 1616; x_wconf 84' lang='lat' dir='ltr'>Lu-</span> 
     </span>
     <span class='ocr_line' id='line_1_11' title="bbox 219 1658 1288 1744; baseline -0.002 -18"><span class='ocrx_word' id='word_1_65' title='bbox 219 1663 310 1727; x_wconf 84' lang='lat' dir='ltr'>ciano</span> <span class='ocrx_word' id='word_1_66' title='bbox 335 1671 563 1744; x_wconf 82' lang='lat' dir='ltr'>usurpatorum</span> <span class='ocrx_word' id='word_1_67' title='bbox 593 1663 772 1744; x_wconf 90' lang='lat' dir='ltr'>composuit</span> <span class='ocrx_word' id='word_1_68' title='bbox 804 1663 837 1726; x_wconf 92' lang='lat' dir='ltr'>in</span> <span class='ocrx_word' id='word_1_69' title='bbox 860 1659 976 1743; x_wconf 87' lang='lat' dir='ltr'>Progr.</span> <span class='ocrx_word' id='word_1_70' title='bbox 1003 1658 1159 1744; x_wconf 80' lang='lat' dir='ltr'>Gymnas,</span> <span class='ocrx_word' id='word_1_71' title='bbox 1185 1661 1288 1744; x_wconf 86' lang='lat' dir='ltr'>Knip·</span> 
     </span>
     <span class='ocr_line' id='line_1_12' title="bbox 219 1767 1288 1851; baseline -0.003 -19"><span class='ocrx_word' id='word_1_72' title='bbox 219 1769 290 1838; x_wconf 75' lang='lat' dir='ltr'>hov,</span> <span class='ocrx_word' id='word_1_73' title='bbox 314 1770 440 1851; x_wconf 84' lang='lat' dir='ltr'>Regim.</span> <span class='ocrx_word' id='word_1_74' title='bbox 467 1770 563 1841; x_wconf 80' lang='lat'><strong>1850.</strong></span> <span class='ocrx_word' id='word_1_75' title='bbox 611 1767 732 1834; x_wconf 86' lang='lat' dir='ltr'>Porum</span> <span class='ocrx_word' id='word_1_76' title='bbox 749 1768 911 1833; x_wconf 86' lang='lat' dir='ltr'>subtiliter</span> <span class='ocrx_word' id='word_1_77' title='bbox 935 1771 1010 1850; x_wconf 87' lang='lat' dir='ltr'>egit,</span> <span class='ocrx_word' id='word_1_78' title='bbox 1035 1775 1193 1851; x_wconf 82' lang='lat' dir='ltr'>usurpata</span> <span class='ocrx_word' id='word_1_79' title='bbox 1216 1789 1288 1850; x_wconf 88' lang='lat' dir='ltr'>pcr-</span> 
     </span>
     <span class='ocr_line' id='line_1_13' title="bbox 219 1860 1285 1963; baseline -0.001 -23"><span class='ocrx_word' id='word_1_80' title='bbox 219 1899 310 1942; x_wconf 86' lang='lat' dir='ltr'>versc</span> <span class='ocrx_word' id='word_1_81' title='bbox 325 1878 508 1963; x_wconf 81' lang='lat' dir='ltr'>partitione</span> <span class='ocrx_word' id='word_1_82' title='bbox 533 1878 587 1962; x_wconf 89' lang='lat'>(—</span> <span class='ocrx_word' id='word_1_83' title='bbox 613 1877 767 1943; x_wconf 86' lang='lat' dir='ltr'>discernit</span> <span class='ocrx_word' id='word_1_84' title='bbox 784 1878 865 1941; x_wconf 88' lang='lat' dir='ltr'>enim</span> <span class='ocrx_word' id='word_1_85' title='bbox 884 1860 937 1942; x_wconf 75' lang='lat' dir='ltr'>¹vir</span> <span class='ocrx_word' id='word_1_86' title='bbox 954 1878 1068 1942; x_wconf 89' lang='lat' dir='ltr'>doctus</span> <span class='ocrx_word' id='word_1_87' title='bbox 1090 1875 1285 1958; x_wconf 73' lang='lat' dir='ltr'>„poprult&#39;sre“</span> 
     </span>
     <span class='ocr_line' id='line_1_14' title="bbox 219 1981 1287 2068; baseline -0.006 -18"><span class='ocrx_word' id='word_1_88' title='bbox 219 1993 250 2050; x_wconf 93' lang='lat' dir='ltr'>et</span> <span class='ocrx_word' id='word_1_89' title='bbox 285 1985 506 2067; x_wconf 82' lang='lat' dir='ltr'>„literariscbe</span> <span class='ocrx_word' id='word_1_90' title='bbox 531 1986 783 2067; x_wconf 74' lang='lat' dir='ltr'>Sprichworter“</span> <span class='ocrx_word' id='word_1_91' title='bbox 817 1986 903 2068; x_wconf 81' lang='lat'>—),</span> <span class='ocrx_word' id='word_1_92' title='bbox 937 1982 1194 2065; x_wconf 82' lang='lat' dir='ltr'>Lingenbergius</span> <span class='ocrx_word' id='word_1_93' title='bbox 1229 1981 1287 2044; x_wconf 90' lang='lat' dir='ltr'>de:</span> 
     </span>
     <span class='ocr_line' id='line_1_15' title="bbox 221 2071 1290 2175; baseline -0.004 -21"><span class='ocrx_word' id='word_1_94' title='bbox 221 2091 449 2172; x_wconf 83' lang='lat' dir='ltr'>„Platonische</span> <span class='ocrx_word' id='word_1_95' title='bbox 472 2090 585 2156; x_wconf 89' lang='lat' dir='ltr'>Bilder</span> <span class='ocrx_word' id='word_1_96' title='bbox 609 2093 674 2157; x_wconf 91' lang='lat' dir='ltr'>und</span> <span class='ocrx_word' id='word_1_97' title='bbox 699 2091 953 2175; x_wconf 78' lang='lat' dir='ltr'>Sprichwdrter“</span> <span class='ocrx_word' id='word_1_98' title='bbox 978 2093 1011 2154; x_wconf 91' lang='lat' dir='ltr'>in</span> <span class='ocrx_word' id='word_1_99' title='bbox 1034 2090 1148 2171; x_wconf 83' lang='lat' dir='ltr'>Progr.</span> <span class='ocrx_word' id='word_1_100' title='bbox 1167 2071 1290 2152; x_wconf 75' lang='lat' dir='ltr'>Fuci.-</span> 
     </span>
     <span class='ocr_line' id='line_1_16' title="bbox 221 2194 1288 2284; baseline 0 -25"><span class='ocrx_word' id='word_1_101' title='bbox 221 2194 456 2280; x_wconf 82' lang='lat' dir='ltr'>Wilh.-Gymn,</span> <span class='ocrx_word' id='word_1_102' title='bbox 474 2196 542 2263; x_wconf 81' lang='lat' dir='ltr'>Col.</span> <span class='ocrx_word' id='word_1_103' title='bbox 569 2200 825 2284; x_wconf 79' lang='lat' dir='ltr'>Agr·ipp.1872,</span> <span class='ocrx_word' id='word_1_104' title='bbox 872 2197 1122 2266; x_wconf 85' lang='lat' dir='ltr'>Rohdewuldius</span> <span class='ocrx_word' id='word_1_105' title='bbox 1145 2198 1288 2279; x_wconf 85' lang='lat' dir='ltr'>scripsit:</span> 
     </span>
     <span class='ocr_line' id='line_1_17' title="bbox 219 2301 1289 2391; baseline 0.007 -25"><span class='ocrx_word' id='word_1_106' title='bbox 219 2301 282 2384; x_wconf 85' lang='lat' dir='ltr'>„de</span> <span class='ocrx_word' id='word_1_107' title='bbox 316 2324 374 2368; x_wconf 91' lang='lat' dir='ltr'>usu</span> <span class='ocrx_word' id='word_1_108' title='bbox 399 2305 642 2386; x_wconf 87' lang='lat' dir='ltr'>proverbiorum</span> <span class='ocrx_word' id='word_1_109' title='bbox 674 2307 761 2391; x_wconf 86' lang='lat' dir='ltr'>apud</span> <span class='ocrx_word' id='word_1_110' title='bbox 793 2306 1076 2389; x_wconf 84' lang='lat' dir='ltr'>Aristophanem“</span> <span class='ocrx_word' id='word_1_111' title='bbox 1111 2305 1142 2368; x_wconf 90' lang='lat' dir='ltr'>in</span> <span class='ocrx_word' id='word_1_112' title='bbox 1175 2301 1289 2386; x_wconf 82' lang='lat' dir='ltr'>Progr.</span> 
     </span>
     <span class='ocr_line' id='line_1_18' title="bbox 223 2407 1290 2494; baseline -0.003 -18"><span class='ocrx_word' id='word_1_113' title='bbox 223 2407 341 2494; x_wconf 80' lang='lat' dir='ltr'>Gymn,</span> <span class='ocrx_word' id='word_1_114' title='bbox 365 2410 609 2494; x_wconf 81' lang='lat' dir='ltr'>Burgsteinlurt</span> <span class='ocrx_word' id='word_1_115' title='bbox 639 2421 718 2480; x_wconf 83' lang='grc'>1857</span> <span class='ocrx_word' id='word_1_116' title='bbox 736 2455 780 2462; x_wconf 90' lang='grc'>-</span> <span class='ocrx_word' id='word_1_117' title='bbox 804 2416 893 2479; x_wconf 89' lang='lat' dir='ltr'>cuius</span> <span class='ocrx_word' id='word_1_118' title='bbox 911 2411 1188 2477; x_wconf 80' lang='lat' dir='ltr'>commentationis</span> <span class='ocrx_word' id='word_1_119' title='bbox 1214 2411 1290 2474; x_wconf 89' lang='lat' dir='ltr'>vitia</span> 
     </span>
     <span class='ocr_line' id='line_1_19' title="bbox 222 2517 1289 2604; baseline 0 -22"><span class='ocrx_word' id='word_1_120' title='bbox 222 2519 300 2582; x_wconf 89' lang='lat' dir='ltr'>satis</span> <span class='ocrx_word' id='word_1_121' title='bbox 325 2519 477 2601; x_wconf 88' lang='lat' dir='ltr'>explicuit</span> <span class='ocrx_word' id='word_1_122' title='bbox 500 2519 676 2602; x_wconf 70' lang='lat' dir='ltr'>Beuclrius</span> <span class='ocrx_word' id='word_1_123' title='bbox 711 2523 765 2604; x_wconf 86' lang='lat' dir='ltr'>qui</span> <span class='ocrx_word' id='word_1_124' title='bbox 791 2522 983 2604; x_wconf 82' lang='lat' dir='ltr'>disputavit:</span> <span class='ocrx_word' id='word_1_125' title='bbox 1019 2519 1080 2601; x_wconf 81' lang='lat' dir='ltr'>„de</span> <span class='ocrx_word' id='word_1_126' title='bbox 1112 2517 1289 2603; x_wconf 83' lang='lat' dir='ltr'>proverbiis</span> 
     </span>
     <span class='ocr_line' id='line_1_20' title="bbox 221 2625 1290 2709; baseline -0.001 -19"><span class='ocrx_word' id='word_1_127' title='bbox 221 2625 355 2707; x_wconf 83' lang='lat' dir='ltr'>aliisque</span> <span class='ocrx_word' id='word_1_128' title='bbox 378 2626 592 2692; x_wconf 86' lang='lat' dir='ltr'>locutionibus</span> <span class='ocrx_word' id='word_1_129' title='bbox 617 2650 656 2693; x_wconf 86' lang='lat' dir='ltr'>ex</span> <span class='ocrx_word' id='word_1_130' title='bbox 679 2651 739 2692; x_wconf 92' lang='lat' dir='ltr'>usu</span> <span class='ocrx_word' id='word_1_131' title='bbox 764 2631 847 2694; x_wconf 86' lang='lat' dir='ltr'>vitae</span> <span class='ocrx_word' id='word_1_132' title='bbox 872 2629 1046 2693; x_wconf 91' lang='lat' dir='ltr'>communis</span> <span class='ocrx_word' id='word_1_133' title='bbox 1069 2627 1177 2709; x_wconf 92' lang='lat' dir='ltr'>petitis</span> <span class='ocrx_word' id='word_1_134' title='bbox 1202 2625 1290 2709; x_wconf 87' lang='lat' dir='ltr'>apud</span> 
     </span>
     <span class='ocr_line' id='line_1_21' title="bbox 222 2732 1291 2818; baseline -0.001 -22"><span class='ocrx_word' id='word_1_135' title='bbox 222 2732 476 2816; x_wconf 84' lang='lat' dir='ltr'>Aristophanem</span> <span class='ocrx_word' id='word_1_136' title='bbox 517 2737 706 2810; x_wconf 69' lang='lat' dir='ltr'>comicumf‘</span> <span class='ocrx_word' id='word_1_137' title='bbox 770 2737 896 2818; x_wconf 81' lang='lat' dir='ltr'>Regini,</span> <span class='ocrx_word' id='word_1_138' title='bbox 939 2739 1034 2804; x_wconf 82' lang='grc'>1830.</span> <span class='ocrx_word' id='word_1_139' title='bbox 1098 2734 1198 2797; x_wconf 80' lang='lat' dir='ltr'>(luins</span> <span class='ocrx_word' id='word_1_140' title='bbox 1232 2732 1291 2796; x_wconf 90' lang='lat' dir='ltr'>viri</span> 
     </span>
     <span class='ocr_line' id='line_1_22' title="bbox 223 2838 1291 2927; baseline 0.005 -26"><span class='ocrx_word' id='word_1_141' title='bbox 223 2838 309 2905; x_wconf 89' lang='lat' dir='ltr'>docti</span> <span class='ocrx_word' id='word_1_142' title='bbox 333 2863 456 2904; x_wconf 87' lang='lat' dir='ltr'>summa</span> <span class='ocrx_word' id='word_1_143' title='bbox 480 2864 550 2906; x_wconf 91' lang='lat' dir='ltr'>cum</span> <span class='ocrx_word' id='word_1_144' title='bbox 575 2842 744 2926; x_wconf 85' lang='lat' dir='ltr'>diligentia</span> <span class='ocrx_word' id='word_1_145' title='bbox 768 2845 887 2927; x_wconf 85' lang='lat' dir='ltr'>scripta</span> <span class='ocrx_word' id='word_1_146' title='bbox 920 2842 1104 2906; x_wconf 76' lang='lat' dir='ltr'>dissertatio</span> <span class='ocrx_word' id='word_1_147' title='bbox 1138 2841 1217 2924; x_wconf 89' lang='lat' dir='ltr'>quid</span> <span class='ocrx_word' id='word_1_148' title='bbox 1241 2863 1291 2906; x_wconf 89' lang='lat' dir='ltr'>me</span> 
     </span>
     <span class='ocr_line' id='line_1_23' title="bbox 224 2945 676 3031; baseline 0.009 -21"><span class='ocrx_word' id='word_1_149' title='bbox 224 2945 381 3031; x_wconf 86' lang='lat' dir='ltr'>docuerit,</span> <span class='ocrx_word' id='word_1_150' title='bbox 407 2948 491 3013; x_wconf 85' lang='lat' dir='ltr'>infra</span> <span class='ocrx_word' id='word_1_151' title='bbox 514 2950 676 3021; x_wconf 81' lang='lat' dir='ltr'>iudicabo,</span> 
     </span>
    </p>
   </div>
   <div class='ocr_carea' id='block_1_3' title="bbox 166 3074 1294 4324">
    <p class='ocr_par' dir='ltr' id='par_1_3' title="bbox 225 3074 1292 3466">
     <span class='ocr_line' id='line_1_24' title="bbox 315 3074 1292 3158; baseline 0 -20"><span class='ocrx_word' id='word_1_152' title='bbox 315 3074 439 3138; x_wconf 80' lang='lat' dir='ltr'>Eodem</span> <span class='ocrx_word' id='word_1_153' title='bbox 463 3075 609 3139; x_wconf 88' lang='lat' dir='ltr'>incitavit</span> <span class='ocrx_word' id='word_1_154' title='bbox 633 3097 692 3154; x_wconf 89' lang='lat' dir='ltr'>me,</span> <span class='ocrx_word' id='word_1_155' title='bbox 723 3084 761 3139; x_wconf 92' lang='lat' dir='ltr'>ut</span> <span class='ocrx_word' id='word_1_156' title='bbox 783 3097 997 3158; x_wconf 84' lang='lat' dir='ltr'>proponerem</span> <span class='ocrx_word' id='word_1_157' title='bbox 1022 3075 1098 3138; x_wconf 86' lang='lat' dir='ltr'>milri</span> <span class='ocrx_word' id='word_1_158' title='bbox 1121 3075 1292 3158; x_wconf 88' lang='lat' dir='ltr'>proverbia</span> 
     </span>
     <span class='ocr_line' id='line_1_25' title="bbox 229 3179 1291 3265; baseline 0.001 -20"><span class='ocrx_word' id='word_1_159' title='bbox 229 3181 317 3264; x_wconf 88' lang='lat' dir='ltr'>apud</span> <span class='ocrx_word' id='word_1_160' title='bbox 340 3179 550 3264; x_wconf 77' lang='lat' dir='ltr'>Aeschylum,</span> <span class='ocrx_word' id='word_1_161' title='bbox 576 3180 779 3264; x_wconf 83' lang='lat' dir='ltr'>Sophoclem,</span> <span class='ocrx_word' id='word_1_162' title='bbox 803 3183 993 3265; x_wconf 84' lang='lat' dir='ltr'>Euripidem</span> <span class='ocrx_word' id='word_1_163' title='bbox 1020 3184 1099 3246; x_wconf 92' lang='lat' dir='ltr'>etin</span> <span class='ocrx_word' id='word_1_164' title='bbox 1116 3181 1291 3264; x_wconf 83' lang='lat' dir='ltr'>tragoediis</span> 
     </span>
     <span class='ocr_line' id='line_1_26' title="bbox 225 3289 1292 3372; baseline 0 -19"><span class='ocrx_word' id='word_1_165' title='bbox 225 3290 450 3371; x_wconf 86' lang='lat' dir='ltr'>superstitibus</span> <span class='ocrx_word' id='word_1_166' title='bbox 492 3296 524 3353; x_wconf 93' lang='lat' dir='ltr'>et</span> <span class='ocrx_word' id='word_1_167' title='bbox 557 3291 588 3352; x_wconf 93' lang='lat' dir='ltr'>in</span> <span class='ocrx_word' id='word_1_168' title='bbox 622 3290 810 3372; x_wconf 81' lang='lat' dir='ltr'>fragmentis</span> <span class='ocrx_word' id='word_1_169' title='bbox 851 3289 944 3354; x_wconf 88' lang='lat' dir='ltr'>obvia</span> <span class='ocrx_word' id='word_1_170' title='bbox 984 3289 1153 3353; x_wconf 84' lang='lat' dir='ltr'>enucleare</span> <span class='ocrx_word' id='word_1_171' title='bbox 1193 3296 1292 3371; x_wconf 87' lang='lat' dir='ltr'>atque</span> 
     </span>
     <span class='ocr_line' id='line_1_27' title="bbox 225 3404 378 3466; baseline -0.013 -6"><span class='ocrx_word' id='word_1_172' title='bbox 225 3404 378 3466; x_wconf 78' lang='lat' dir='ltr'>tractare,</span> 
     </span>
    </p>

    <p class='ocr_par' dir='ltr' id='par_1_4' title="bbox 226 3499 1294 4014">
     <span class='ocr_line' id='line_1_28' title="bbox 314 3499 1293 3588; baseline -0.002 -20"><span class='ocrx_word' id='word_1_173' title='bbox 314 3499 378 3586; x_wconf 81' lang='lat' dir='ltr'>Qui</span> <span class='ocrx_word' id='word_1_174' title='bbox 401 3525 476 3568; x_wconf 89' lang='lat' dir='ltr'>vero</span> <span class='ocrx_word' id='word_1_175' title='bbox 501 3503 682 3568; x_wconf 87' lang='lat' dir='ltr'>huiusmodi</span> <span class='ocrx_word' id='word_1_176' title='bbox 700 3527 779 3587; x_wconf 86' lang='lat' dir='ltr'>opus</span> <span class='ocrx_word' id='word_1_177' title='bbox 805 3505 939 3587; x_wconf 89' lang='lat' dir='ltr'>suscipit</span> <span class='ocrx_word' id='word_1_178' title='bbox 955 3505 1092 3588; x_wconf 87' lang='lat' dir='ltr'>spinosis</span> <span class='ocrx_word' id='word_1_179' title='bbox 1108 3504 1293 3586; x_wconf 88' lang='lat' dir='ltr'>implicetur</span> 
     </span>
     <span class='ocr_line' id='line_1_29' title="bbox 227 3609 1293 3695; baseline 0.002 -23"><span class='ocrx_word' id='word_1_180' title='bbox 227 3611 478 3691; x_wconf 88' lang='lat' dir='ltr'>quaestionibus.</span> <span class='ocrx_word' id='word_1_181' title='bbox 505 3673 507 3681; x_wconf 77' lang='grc'>,</span> <span class='ocrx_word' id='word_1_182' title='bbox 536 3611 586 3675; x_wconf 89' lang='lat' dir='ltr'>Ac</span> <span class='ocrx_word' id='word_1_183' title='bbox 610 3613 747 3694; x_wconf 90' lang='lat' dir='ltr'>primum</span> <span class='ocrx_word' id='word_1_184' title='bbox 780 3612 909 3695; x_wconf 86' lang='lat' dir='ltr'>quidem</span> <span class='ocrx_word' id='word_1_185' title='bbox 933 3611 1140 3677; x_wconf 84' lang='lat' dir='ltr'>statuendum</span> <span class='ocrx_word' id='word_1_186' title='bbox 1169 3610 1229 3674; x_wconf 89' lang='lat' dir='ltr'>erit</span> <span class='ocrx_word' id='word_1_187' title='bbox 1253 3609 1293 3674; x_wconf 90' lang='lat' dir='ltr'>de</span> 
     </span>
     <span class='ocr_line' id='line_1_30' title="bbox 227 3717 1292 3806; baseline -0.001 -25"><span class='ocrx_word' id='word_1_188' title='bbox 227 3717 349 3798; x_wconf 86' lang='lat' dir='ltr'>origine</span> <span class='ocrx_word' id='word_1_189' title='bbox 382 3717 467 3782; x_wconf 89' lang='lat' dir='ltr'>vocis</span> <span class='ocrx_word' id='word_1_190' title='bbox 491 3723 662 3806; x_wconf 71' lang='lat' dir='ltr'>nrrpouu&#39;u:</span> <span class='ocrx_word' id='word_1_191' title='bbox 697 3721 847 3801; x_wconf 86' lang='lat' dir='ltr'>quoniam</span> <span class='ocrx_word' id='word_1_192' title='bbox 880 3725 988 3782; x_wconf 90' lang='lat' dir='ltr'>autem</span> <span class='ocrx_word' id='word_1_193' title='bbox 1018 3717 1183 3781; x_wconf 84' lang='lat' dir='ltr'>Bouckins</span> <span class='ocrx_word' id='word_1_194' title='bbox 1217 3739 1247 3800; x_wconf 85' lang='lat' dir='ltr'>p,</span> <span class='ocrx_word' id='word_1_195' title='bbox 1272 3723 1292 3780; x_wconf 90' lang='grc'>4</span> 
     </span>
     <span class='ocr_line' id='line_1_31' title="bbox 226 3822 1294 3908; baseline 0.001 -22"><span class='ocrx_word' id='word_1_196' title='bbox 226 3822 347 3888; x_wconf 89' lang='lat' dir='ltr'>diserte</span> <span class='ocrx_word' id='word_1_197' title='bbox 372 3843 410 3887; x_wconf 85' lang='lat' dir='ltr'>ec</span> <span class='ocrx_word' id='word_1_198' title='bbox 433 3826 562 3908; x_wconf 89' lang='lat' dir='ltr'>copiose</span> <span class='ocrx_word' id='word_1_199' title='bbox 579 3824 697 3888; x_wconf 88' lang='lat' dir='ltr'>dehac</span> <span class='ocrx_word' id='word_1_200' title='bbox 714 3847 748 3888; x_wconf 88' lang='lat' dir='ltr'>re</span> <span class='ocrx_word' id='word_1_201' title='bbox 766 3824 926 3902; x_wconf 90' lang='lat' dir='ltr'>disseruit,</span> <span class='ocrx_word' id='word_1_202' title='bbox 953 3826 1031 3888; x_wconf 90' lang='lat' dir='ltr'>satis</span> <span class='ocrx_word' id='word_1_203' title='bbox 1048 3826 1089 3887; x_wconf 89' lang='lat' dir='ltr'>sit</span> <span class='ocrx_word' id='word_1_204' title='bbox 1105 3824 1294 3906; x_wconf 89' lang='lat' dir='ltr'>apposuisse</span> 
     </span>
     <span class='ocr_line' id='line_1_32' title="bbox 228 3931 1292 4014; baseline 0.001 -20"><span class='ocrx_word' id='word_1_205' title='bbox 228 3932 293 3994; x_wconf 86' lang='lat' dir='ltr'>eins</span> <span class='ocrx_word' id='word_1_206' title='bbox 333 3953 512 4014; x_wconf 78' lang='lat' dir='ltr'>summam3</span> <span class='ocrx_word' id='word_1_207' title='bbox 552 3931 631 3996; x_wconf 85' lang='lat' dir='ltr'>facit</span> <span class='ocrx_word' id='word_1_208' title='bbox 671 3933 754 3994; x_wconf 90' lang='lat' dir='ltr'>enirn</span> <span class='ocrx_word' id='word_1_209' title='bbox 797 3933 843 3994; x_wconf 94' lang='lat' dir='ltr'>vir</span> <span class='ocrx_word' id='word_1_210' title='bbox 885 3931 999 3995; x_wconf 89' lang='lat' dir='ltr'>doctus</span> <span class='ocrx_word' id='word_1_211' title='bbox 1039 3953 1111 3995; x_wconf 85' lang='lat' dir='ltr'>curn</span> <span class='ocrx_word' id='word_1_212' title='bbox 1151 3931 1292 4012; x_wconf 87' lang='lat' dir='ltr'>Bergkio</span> 
     </span>
    </p>

    <p class='ocr_par' dir='ltr' id='par_1_5' title="bbox 166 4033 1294 4324">
     <span class='ocr_line' id='line_1_33' title="bbox 230 4033 1292 4123; baseline -0.004 -21"><span class='ocrx_word' id='word_1_213' title='bbox 230 4033 375 4118; x_wconf 81' lang='lat' dir='ltr'>(Griech,</span> <span class='ocrx_word' id='word_1_214' title='bbox 407 4037 609 4110; x_wconf 74' lang='lat' dir='ltr'>hit-Gesch,</span> <span class='ocrx_word' id='word_1_215' title='bbox 641 4039 669 4119; x_wconf 90' lang='lat' dir='ltr'>I,</span> <span class='ocrx_word' id='word_1_216' title='bbox 694 4061 725 4121; x_wconf 77' lang='lat' dir='ltr'>p,</span> <span class='ocrx_word' id='word_1_217' title='bbox 751 4037 831 4122; x_wconf 86' lang='grc'>363)</span> <span class='ocrx_word' id='word_1_218' title='bbox 863 4047 896 4101; x_wconf 88' lang='lat' dir='ltr'>et</span> <span class='ocrx_word' id='word_1_219' title='bbox 929 4035 971 4107; x_wconf 84' lang='lat' dir='ltr'>G.</span> <span class='ocrx_word' id='word_1_220' title='bbox 997 4035 1110 4102; x_wconf 83' lang='lat' dir='ltr'>Curtio</span> <span class='ocrx_word' id='word_1_221' title='bbox 1146 4037 1292 4123; x_wconf 82' lang='lat' dir='ltr'>(Grieclr.</span> 
     </span>
     <span class='ocr_line' id='line_1_34' title="bbox 166 4129 1294 4236; baseline 0.003 -29"><span class='ocrx_word' id='word_1_222' title='bbox 166 4129 173 4140; x_wconf 53' lang='lat'><strong>⁴</strong></span> <span class='ocrx_word' id='word_1_223' title='bbox 228 4141 336 4226; x_wconf 79' lang='lat' dir='ltr'>Etym.</span> <span class='ocrx_word' id='word_1_224' title='bbox 362 4169 394 4230; x_wconf 83' lang='lat' dir='ltr'>p.</span> <span class='ocrx_word' id='word_1_225' title='bbox 411 4151 485 4229; x_wconf 86' lang='grc'>399,</span> <span class='ocrx_word' id='word_1_226' title='bbox 503 4146 582 4232; x_wconf 87' lang='grc'>401)</span> <span class='ocrx_word' id='word_1_227' title='bbox 606 4147 740 4230; x_wconf 80' lang='lat' dir='ltr'>aliisque</span> <span class='ocrx_word' id='word_1_228' title='bbox 765 4146 977 4228; x_wconf 83' lang='lat' dir='ltr'>censentibus,</span> <span class='ocrx_word' id='word_1_229' title='bbox 1003 4167 1111 4210; x_wconf 87' lang='lat' dir='ltr'>vocem</span> <span class='ocrx_word' id='word_1_230' title='bbox 1138 4155 1294 4236; x_wconf 68' lang='lat' dir='ltr'>:turpeque</span> 
     </span>
     <span class='ocr_line' id='line_1_35' title="bbox 1084 4273 1114 4324; baseline 0 -18"><span class='ocrx_word' id='word_1_231' title='bbox 1084 4273 1114 4324; x_wconf 73' lang='lat' dir='ltr'>l*</span> 
     </span>
    </p>
   </div>
   <div class='ocr_carea' id='block_1_4' title="bbox 0 0 1579 4996">
    <p class='ocr_par' dir='ltr' id='par_1_6' title="bbox 0 0 1579 4996">
     <span class='ocr_line' id='line_1_36' title="bbox 0 0 1579 4996; baseline 0 0"><span class='ocrx_word' id='word_1_232' title='bbox 0 0 1579 4996; x_wconf 95' lang='lat' dir='ltr'> </span> 
     </span>
    </p>
   </div>
  </div>
 </body>
</html>
