<?xml version="1.0" encoding="UTF-8"?>
<!DOCTYPE html PUBLIC "-//W3C//DTD XHTML 1.0 Transitional//EN"
    "http://www.w3.org/TR/xhtml1/DTD/xhtml1-transitional.dtd">
<html xmlns="http://www.w3.org/1999/xhtml" xml:lang="en" lang="en">
 <head>
  <title>
</title>
<meta http-equiv="Content-Type" content="text/html;charset=utf-8" />
  <meta name='ocr-system' content='tesseract 3.04.00' />
  <meta name='ocr-capabilities' content='ocr_page ocr_carea ocr_par ocr_line ocrx_word'/>
</head>
<body>
  <div class='ocr_page' id='page_1' title='image "./quaestionumdepr01kochgoog_0071.png"; bbox 0 0 3116 4996; ppageno 0'>
   <div class='ocr_carea' id='block_1_1' title="bbox 692 451 914 520">
    <p class='ocr_par' dir='ltr' id='par_1_1' title="bbox 692 451 914 520">
     <span class='ocr_line' id='line_1_1' title="bbox 692 451 914 520; baseline 0.009 -20"><span class='ocrx_word' id='word_1_1' title='bbox 692 451 914 520; x_wconf 69' lang='lat'>..64-</span> 
     </span>
    </p>
   </div>
   <div class='ocr_carea' id='block_1_2' title="bbox 254 645 1339 1714">
    <p class='ocr_par' dir='ltr' id='par_1_2' title="bbox 254 645 1339 1714">
     <span class='ocr_line' id='line_1_2' title="bbox 272 645 1338 732; baseline 0 -18"><span class='ocrx_word' id='word_1_2' title='bbox 272 647 399 714; x_wconf 79' lang='lat' dir='ltr'><strong>Teucer</strong></span> <span class='ocrx_word' id='word_1_3' title='bbox 423 670 493 712; x_wconf 93' lang='lat' dir='ltr'><strong>cum</strong></span> <span class='ocrx_word' id='word_1_4' title='bbox 519 645 672 714; x_wconf 86' lang='lat' dir='ltr'><strong>Menelao</strong></span> <span class='ocrx_word' id='word_1_5' title='bbox 696 649 814 714; x_wconf 88' lang='lat' dir='ltr'><strong>acriter</strong></span> <span class='ocrx_word' id='word_1_6' title='bbox 838 649 1010 715; x_wconf 75' lang='lat' dir='ltr'>altercatus</span> <span class='ocrx_word' id='word_1_7' title='bbox 1043 648 1083 714; x_wconf 89' lang='lat' dir='ltr'><strong>de</strong></span> <span class='ocrx_word' id='word_1_8' title='bbox 1116 647 1219 714; x_wconf 83' lang='lat' dir='ltr'><strong>Aiace</strong></span> <span class='ocrx_word' id='word_1_9' title='bbox 1251 671 1338 732; x_wconf 86' lang='lat' dir='ltr'><strong>sepo-</strong></span> 
     </span>
     <span class='ocr_line' id='line_1_3' title="bbox 273 753 1338 826; baseline 0.004 -6"><span class='ocrx_word' id='word_1_10' title='bbox 273 755 381 822; x_wconf 87' lang='lat' dir='ltr'><strong>liendo</strong></span> <span class='ocrx_word' id='word_1_11' title='bbox 407 756 467 820; x_wconf 92' lang='lat' dir='ltr'><strong>hoc</strong></span> <span class='ocrx_word' id='word_1_12' title='bbox 492 753 634 820; x_wconf 84' lang='lat' dir='ltr'><strong>officium</strong></span> <span class='ocrx_word' id='word_1_13' title='bbox 667 754 727 820; x_wconf 88' lang='lat' dir='ltr'><strong>sibi</strong></span> <span class='ocrx_word' id='word_1_14' title='bbox 751 755 893 822; x_wconf 83' lang='lat' dir='ltr'><strong>vindicat</strong></span> <span class='ocrx_word' id='word_1_15' title='bbox 916 764 949 822; x_wconf 88' lang='lat' dir='ltr'><strong>et</strong></span> <span class='ocrx_word' id='word_1_16' title='bbox 971 757 1060 822; x_wconf 92' lang='lat' dir='ltr'><strong>illum</strong></span> <span class='ocrx_word' id='word_1_17' title='bbox 1085 755 1134 820; x_wconf 90' lang='lat' dir='ltr'><strong>his</strong></span> <span class='ocrx_word' id='word_1_18' title='bbox 1158 755 1338 826; x_wconf 80' lang='lat' dir='ltr'><strong>inuehitur:</strong></span> 
     </span>
     <span class='ocr_line' id='line_1_4' title="bbox 317 864 1126 952; baseline 0.002 -20"><span class='ocrx_word' id='word_1_19' title='bbox 317 873 384 934; x_wconf 81' lang='grc' dir='ltr'><strong>ποῦ</strong></span> <span class='ocrx_word' id='word_1_20' title='bbox 408 864 446 932; x_wconf 76' lang='lat' dir='ltr'><strong>oi</strong></span> <span class='ocrx_word' id='word_1_21' title='bbox 472 879 660 952; x_wconf 73' lang='grc' dir='ltr'><em>στρατηγεῖς</em></span> <span class='ocrx_word' id='word_1_22' title='bbox 678 869 792 946; x_wconf 61' lang='lat' dir='ltr'><strong>rocoa·</strong></span> <span class='ocrx_word' id='word_1_23' title='bbox 814 873 883 934; x_wconf 72' lang='grc' dir='ltr'><strong>τοῦ</strong></span> <span class='ocrx_word' id='word_1_24' title='bbox 908 869 942 934; x_wconf 77' lang='grc' dir='ltr'><strong>δὲ</strong></span> <span class='ocrx_word' id='word_1_25' title='bbox 967 870 1017 934; x_wconf 80' lang='grc' dir='ltr'><strong>σοὶ</strong></span> <span class='ocrx_word' id='word_1_26' title='bbox 1042 872 1126 934; x_wconf 76' lang='grc' dir='ltr'><em>λεών</em></span> 
     </span>
     <span class='ocr_line' id='line_1_5' title="bbox 316 963 1035 1059; baseline 0 -19"><span class='ocrx_word' id='word_1_27' title='bbox 316 974 416 1055; x_wconf 77' lang='grc' dir='ltr'><em>ἔξεστ’</em></span> <span class='ocrx_word' id='word_1_28' title='bbox 441 968 593 1040; x_wconf 72' lang='grc' dir='ltr'><em>ἀνάσσειν</em></span> <span class='ocrx_word' id='word_1_29' title='bbox 617 963 666 1040; x_wconf 77' lang='grc' dir='ltr'><strong>ὦν</strong></span> <span class='ocrx_word' id='word_1_30' title='bbox 690 966 740 1039; x_wconf 82' lang='lat' dir='ltr'><strong>b&#39;d&#39;</strong></span> <span class='ocrx_word' id='word_1_31' title='bbox 765 967 855 1059; x_wconf 74' lang='grc' dir='ltr'><em>ἤγαγ’</em></span> <span class='ocrx_word' id='word_1_32' title='bbox 882 975 1035 1046; x_wconf 77' lang='lat' dir='ltr'><strong>oi&#39;aodeu3</strong></span> 
     </span>
     <span class='ocr_line' id='line_1_6' title="bbox 317 1072 1287 1165; baseline 0.002 -20"><span class='ocrx_word' id='word_1_33' title='bbox 317 1079 526 1165; x_wconf 75' lang='grc' dir='ltr'><em>Σπάρτης</em></span> <span class='ocrx_word' id='word_1_34' title='bbox 549 1074 755 1147; x_wconf 77' lang='grc' dir='ltr'><em>ἀνάσσων</em></span> <span class='ocrx_word' id='word_1_35' title='bbox 778 1072 921 1165; x_wconf 69' lang='grc' dir='ltr'><strong>ἦλθες,</strong></span> <span class='ocrx_word' id='word_1_36' title='bbox 947 1076 1007 1164; x_wconf 75' lang='grc' dir='ltr'><strong>οὐχ</strong></span> <span class='ocrx_word' id='word_1_37' title='bbox 1032 1078 1124 1165; x_wconf 66' lang='grc' dir='ltr'><strong>ἡμῶν</strong></span> <span class='ocrx_word' id='word_1_38' title='bbox 1146 1086 1287 1165; x_wconf 72' lang='grc' dir='ltr'><em>κρατῶν.</em></span> 
     </span>
     <span class='ocr_line' id='line_1_7' title="bbox 318 1180 1202 1272; baseline 0.002 -20"><span class='ocrx_word' id='word_1_39' title='bbox 318 1183 388 1253; x_wconf 64' lang='grc' dir='ltr'><strong>οὔδ’</strong></span> <span class='ocrx_word' id='word_1_40' title='bbox 414 1187 484 1254; x_wconf 70' lang='grc' dir='ltr'><strong>ἔσθ’</strong></span> <span class='ocrx_word' id='word_1_41' title='bbox 509 1180 597 1253; x_wconf 79' lang='lat' dir='ltr'><strong>duou</strong></span> <span class='ocrx_word' id='word_1_42' title='bbox 621 1205 671 1254; x_wconf 82' lang='grc' dir='ltr'><strong>σοι</strong></span> <span class='ocrx_word' id='word_1_43' title='bbox 697 1185 744 1253; x_wconf 86' lang='grc' dir='ltr'><strong>τό</strong></span> <span class='ocrx_word' id='word_1_44' title='bbox 759 1192 828 1255; x_wconf 74' lang='lat' dir='ltr'><strong>cde</strong></span> <span class='ocrx_word' id='word_1_45' title='bbox 854 1194 1076 1272; x_wconf 71' lang='grc' dir='ltr'><em>κοσμῆσαι</em></span> <span class='ocrx_word' id='word_1_46' title='bbox 1099 1190 1202 1254; x_wconf 73' lang='grc' dir='ltr'><em>πλέον</em></span> 
     </span>
     <span class='ocr_line' id='line_1_8' title="bbox 316 1289 1080 1384; baseline 0 -23"><span class='ocrx_word' id='word_1_47' title='bbox 316 1289 416 1379; x_wconf 69' lang='grc' dir='ltr'><em>ἀρχῆς</em></span> <span class='ocrx_word' id='word_1_48' title='bbox 439 1293 547 1360; x_wconf 74' lang='grc' dir='ltr'><em>ἔκειτο</em></span> <span class='ocrx_word' id='word_1_49' title='bbox 571 1292 694 1377; x_wconf 67' lang='grc' dir='ltr'><em>θεσμὸς</em></span> <span class='ocrx_word' id='word_1_50' title='bbox 718 1290 738 1378; x_wconf 74' lang='grc' dir='ltr'><em>ἢ</em></span> <span class='ocrx_word' id='word_1_51' title='bbox 761 1297 814 1362; x_wconf 81' lang='grc' dir='ltr'><strong>καὶ</strong></span> <span class='ocrx_word' id='word_1_52' title='bbox 839 1299 925 1384; x_wconf 71' lang='grc' dir='ltr'><strong>τῷδε</strong></span> <span class='ocrx_word' id='word_1_53' title='bbox 951 1298 986 1362; x_wconf 80' lang='grc' dir='ltr'><strong>σέ</strong></span> <span class='ocrx_word' id='word_1_54' title='bbox 1009 1302 1080 1364; x_wconf 85' lang='grc' dir='ltr'><em>κτλ.</em></span> 
     </span>
     <span class='ocr_line' id='line_1_9' title="bbox 273 1415 1338 1502; baseline 0.003 -24"><span class='ocrx_word' id='word_1_55' title='bbox 273 1416 366 1502; x_wconf 77' lang='lat' dir='ltr'><strong>Quae</strong></span> <span class='ocrx_word' id='word_1_56' title='bbox 422 1415 592 1481; x_wconf 86' lang='lat' dir='ltr'><strong>verborum</strong></span> <span class='ocrx_word' id='word_1_57' title='bbox 641 1415 817 1482; x_wconf 79' lang='lat' dir='ltr'><strong>similitudo</strong></span> <span class='ocrx_word' id='word_1_58' title='bbox 867 1425 975 1483; x_wconf 89' lang='lat' dir='ltr'><strong>utrum</strong></span> <span class='ocrx_word' id='word_1_59' title='bbox 1021 1418 1159 1482; x_wconf 86' lang='lat' dir='ltr'><strong>fortuita</strong></span> <span class='ocrx_word' id='word_1_60' title='bbox 1206 1417 1248 1482; x_wconf 89' lang='lat' dir='ltr'><strong>sit</strong></span> <span class='ocrx_word' id='word_1_61' title='bbox 1298 1439 1338 1482; x_wconf 89' lang='lat' dir='ltr'><strong>au</strong></span> 
     </span>
     <span class='ocr_line' id='line_1_10' title="bbox 272 1523 1339 1610; baseline -0.002 -20"><span class='ocrx_word' id='word_1_62' title='bbox 272 1525 447 1608; x_wconf 79' lang='lat' dir='ltr'><strong>Euripides</strong></span> <span class='ocrx_word' id='word_1_63' title='bbox 471 1545 581 1588; x_wconf 88' lang='lat' dir='ltr'><strong>versus</strong></span> <span class='ocrx_word' id='word_1_64' title='bbox 610 1524 681 1589; x_wconf 89' lang='lat' dir='ltr'><strong>illos</strong></span> <span class='ocrx_word' id='word_1_65' title='bbox 716 1523 807 1607; x_wconf 85' lang='lat' dir='ltr'><strong>(frgt.</strong></span> <span class='ocrx_word' id='word_1_66' title='bbox 834 1526 910 1610; x_wconf 78' lang='lat'>722)</span> <span class='ocrx_word' id='word_1_67' title='bbox 944 1524 1086 1588; x_wconf 87' lang='lat' dir='ltr'><strong>scribens</strong></span> <span class='ocrx_word' id='word_1_68' title='bbox 1120 1531 1195 1589; x_wconf 90' lang='lat' dir='ltr'><strong>ante</strong></span> <span class='ocrx_word' id='word_1_69' title='bbox 1229 1523 1339 1588; x_wconf 92' lang='lat' dir='ltr'><strong>oculos</strong></span> 
     </span>
     <span class='ocr_line' id='line_1_11' title="bbox 254 1629 1338 1714; baseline -0.002 -18"><span class='ocrx_word' id='word_1_70' title='bbox 254 1634 256 1640; x_wconf 81' lang='grc'><em>’</em></span> <span class='ocrx_word' id='word_1_71' title='bbox 272 1631 424 1698; x_wconf 88' lang='lat' dir='ltr'><strong>habuerit</strong></span> <span class='ocrx_word' id='word_1_72' title='bbox 439 1632 544 1698; x_wconf 90' lang='lat' dir='ltr'><strong>locum</strong></span> <span class='ocrx_word' id='word_1_73' title='bbox 556 1629 784 1713; x_wconf 79' lang='lat' dir='ltr'>Sophocleum,</span> <span class='ocrx_word' id='word_1_74' title='bbox 798 1633 869 1714; x_wconf 90' lang='lat' dir='ltr'><strong>quis</strong></span> <span class='ocrx_word' id='word_1_75' title='bbox 881 1632 993 1714; x_wconf 90' lang='lat' dir='ltr'><strong>estqui</strong></span> <span class='ocrx_word' id='word_1_76' title='bbox 1010 1631 1187 1696; x_wconf 85' lang='lat' dir='ltr'><strong>diiudicare</strong></span> <span class='ocrx_word' id='word_1_77' title='bbox 1197 1629 1338 1696; x_wconf 76' lang='lat' dir='ltr'><strong>audeat?</strong></span> 
     </span>
    </p>
   </div>
   <div class='ocr_carea' id='block_1_3' title="bbox 273 1755 1340 2487">
    <p class='ocr_par' dir='ltr' id='par_1_3' title="bbox 273 1755 1340 2380">
     <span class='ocr_line' id='line_1_12' title="bbox 361 1755 1340 1839; baseline 0.004 -17"><span class='ocrx_word' id='word_1_78' title='bbox 361 1757 454 1822; x_wconf 87' lang='lat' dir='ltr'><strong>Idem</strong></span> <span class='ocrx_word' id='word_1_79' title='bbox 477 1757 563 1838; x_wconf 81' lang='lat' dir='ltr'><strong>valet</strong></span> <span class='ocrx_word' id='word_1_80' title='bbox 596 1755 696 1839; x_wconf 77' lang='lat' dir='ltr'><strong>Soph,</strong></span> <span class='ocrx_word' id='word_1_81' title='bbox 721 1755 814 1827; x_wconf 81' lang='lat' dir='ltr'><strong>Aiac.</strong></span> <span class='ocrx_word' id='word_1_82' title='bbox 835 1761 939 1828; x_wconf 83' lang='lat'>1039:</span> <span class='ocrx_word' id='word_1_83' title='bbox 964 1755 1117 1835; x_wconf 73' lang='grc' dir='ltr'><em>κεῖνός</em></span> <span class='ocrx_word' id='word_1_84' title='bbox 1141 1758 1170 1825; x_wconf 88' lang='grc' dir='ltr'><strong>τ’</strong></span> <span class='ocrx_word' id='word_1_85' title='bbox 1188 1760 1205 1826; x_wconf 84' lang='grc' dir='ltr'><em>ἐ</em></span> <span class='ocrx_word' id='word_1_86' title='bbox 1215 1773 1340 1827; x_wconf 82' lang='grc' dir='ltr'><em>κεῖνα</em></span> 
     </span>
     <span class='ocr_line' id='line_1_13' title="bbox 274 1864 1340 1953; baseline -0.003 -19"><span class='ocrx_word' id='word_1_87' title='bbox 274 1870 514 1951; x_wconf 71' lang='grc' dir='ltr'><em>στεργέτω,</em></span> <span class='ocrx_word' id='word_1_88' title='bbox 550 1865 604 1928; x_wconf 92' lang='lat' dir='ltr'><strong>ubi</strong></span> <span class='ocrx_word' id='word_1_89' title='bbox 628 1864 727 1934; x_wconf 79' lang='lat' dir='ltr'><strong>schol,</strong></span> <span class='ocrx_word' id='word_1_90' title='bbox 761 1864 919 1937; x_wconf 81' lang='lat' dir='ltr'><strong>adnotat:</strong></span> <span class='ocrx_word' id='word_1_91' title='bbox 953 1872 1064 1953; x_wconf 71' lang='grc' dir='ltr'><em>γέγονε</em></span> <span class='ocrx_word' id='word_1_92' title='bbox 1098 1870 1133 1934; x_wconf 75' lang='grc' dir='ltr'><strong>δὲ</strong></span> <span class='ocrx_word' id='word_1_93' title='bbox 1160 1873 1263 1934; x_wconf 80' lang='grc' dir='ltr'><em>τσῦτσ</em></span> <span class='ocrx_word' id='word_1_94' title='bbox 1287 1870 1340 1932; x_wconf 73' lang='grc' dir='ltr'><strong>καὶ</strong></span> 
     </span>
     <span class='ocr_line' id='line_1_14' title="bbox 273 1971 1339 2060; baseline -0.006 -20"><span class='ocrx_word' id='word_1_95' title='bbox 273 1972 500 2060; x_wconf 64' lang='lat' dir='ltr'><strong>accommanda.</strong></span> <span class='ocrx_word' id='word_1_96' title='bbox 549 1972 632 2036; x_wconf 80' lang='lat' dir='ltr'><strong>Sunt</strong></span> <span class='ocrx_word' id='word_1_97' title='bbox 655 1971 772 2036; x_wconf 78' lang='lat' dir='ltr'><strong>Teucri</strong></span> <span class='ocrx_word' id='word_1_98' title='bbox 806 1971 997 2037; x_wconf 84' lang='lat' dir='ltr'><strong>affirmantis</strong></span> <span class='ocrx_word' id='word_1_99' title='bbox 1031 1972 1091 2037; x_wconf 90' lang='lat' dir='ltr'><strong>sibi</strong></span> <span class='ocrx_word' id='word_1_100' title='bbox 1116 1971 1245 2055; x_wconf 87' lang='lat' dir='ltr'><strong>quidem</strong></span> <span class='ocrx_word' id='word_1_101' title='bbox 1269 1993 1339 2056; x_wconf 89' lang='lat' dir='ltr'><strong>pcr-</strong></span> 
     </span>
     <span class='ocr_line' id='line_1_15' title="bbox 273 2076 1339 2166; baseline 0 -23"><span class='ocrx_word' id='word_1_102' title='bbox 273 2101 404 2144; x_wconf 90' lang='lat' dir='ltr'><strong>suasum</strong></span> <span class='ocrx_word' id='word_1_103' title='bbox 428 2101 505 2158; x_wconf 89' lang='lat' dir='ltr'><strong>esse,</strong></span> <span class='ocrx_word' id='word_1_104' title='bbox 531 2076 739 2166; x_wconf 62' lang='grc' dir='ltr'><em>ἀνθρώποισι</em></span> <span class='ocrx_word' id='word_1_105' title='bbox 762 2088 909 2166; x_wconf 74' lang='grc' dir='ltr'><em>μηχανᾶν</em></span> <span class='ocrx_word' id='word_1_106' title='bbox 933 2080 1052 2156; x_wconf 57' lang='lat' dir='ltr'><strong>deciis:</strong></span> <span class='ocrx_word' id='word_1_107' title='bbox 1086 2080 1207 2146; x_wconf 87' lang='lat' dir='ltr'><strong>habeat</strong></span> <span class='ocrx_word' id='word_1_108' title='bbox 1231 2088 1339 2144; x_wconf 85' lang='lat' dir='ltr'><strong>autem</strong></span> 
     </span>
     <span class='ocr_line' id='line_1_16' title="bbox 274 2185 1339 2268; baseline 0.001 -19"><span class='ocrx_word' id='word_1_109' title='bbox 274 2186 334 2250; x_wconf 92' lang='lat' dir='ltr'><strong>sibi</strong></span> <span class='ocrx_word' id='word_1_110' title='bbox 358 2187 549 2251; x_wconf 89' lang='lat' dir='ltr'><strong>senteutiam</strong></span> <span class='ocrx_word' id='word_1_111' title='bbox 575 2207 665 2250; x_wconf 91' lang='lat' dir='ltr'><strong>suam</strong></span> <span class='ocrx_word' id='word_1_112' title='bbox 690 2188 716 2251; x_wconf 91' lang='lat' dir='ltr'><strong>si</strong></span> <span class='ocrx_word' id='word_1_113' title='bbox 742 2187 811 2268; x_wconf 92' lang='lat' dir='ltr'><strong>quis</strong></span> <span class='ocrx_word' id='word_1_114' title='bbox 837 2187 1000 2252; x_wconf 86' lang='lat' dir='ltr'><strong>contraria</strong></span> <span class='ocrx_word' id='word_1_115' title='bbox 1016 2195 1155 2259; x_wconf 86' lang='lat' dir='ltr'><strong>censeat.</strong></span> <span class='ocrx_word' id='word_1_116' title='bbox 1203 2185 1339 2253; x_wconf 81' lang='lat' dir='ltr'><strong>Locutio</strong></span> 
     </span>
     <span class='ocr_line' id='line_1_17' title="bbox 273 2295 1206 2380; baseline 0.002 -22"><span class='ocrx_word' id='word_1_117' title='bbox 273 2316 338 2360; x_wconf 92' lang='lat' dir='ltr'><strong>uon</strong></span> <span class='ocrx_word' id='word_1_118' title='bbox 360 2296 521 2360; x_wconf 86' lang='lat' dir='ltr'><strong>invenitur</strong></span> <span class='ocrx_word' id='word_1_119' title='bbox 544 2296 577 2358; x_wconf 91' lang='lat' dir='ltr'><strong>in</strong></span> <span class='ocrx_word' id='word_1_120' title='bbox 602 2316 736 2378; x_wconf 88' lang='lat' dir='ltr'><strong>corpore</strong></span> <span class='ocrx_word' id='word_1_121' title='bbox 759 2295 1138 2380; x_wconf 86' lang='lat' dir='ltr'><strong>paroemiographorum.</strong></span> <span class='ocrx_word' id='word_1_122' title='bbox 1162 2333 1206 2342; x_wconf 93' lang='lat'>—</span> 
     </span>
    </p>

    <p class='ocr_par' dir='ltr' id='par_1_4' title="bbox 363 2400 1339 2487">
     <span class='ocr_line' id='line_1_18' title="bbox 363 2400 1339 2487; baseline -0.003 -19"><span class='ocrx_word' id='word_1_123' title='bbox 363 2404 436 2468; x_wconf 89' lang='lat' dir='ltr'><strong>Iam</strong></span> <span class='ocrx_word' id='word_1_124' title='bbox 466 2425 540 2468; x_wconf 90' lang='lat' dir='ltr'><strong>vcro</strong></span> <span class='ocrx_word' id='word_1_125' title='bbox 565 2403 796 2486; x_wconf 83' lang='lat' dir='ltr'><strong>perlustramus</strong></span> <span class='ocrx_word' id='word_1_126' title='bbox 829 2404 1001 2487; x_wconf 87' lang='lat' dir='ltr'><strong>proverbia</strong></span> <span class='ocrx_word' id='word_1_127' title='bbox 1027 2426 1064 2468; x_wconf 89' lang='lat' dir='ltr'><strong>ex</strong></span> <span class='ocrx_word' id='word_1_128' title='bbox 1089 2403 1259 2469; x_wconf 78' lang='lat' dir='ltr'><strong>cotidianis</strong></span> <span class='ocrx_word' id='word_1_129' title='bbox 1284 2400 1339 2466; x_wconf 93' lang='lat' dir='ltr'><strong>ho·</strong></span> 
     </span>
    </p>
   </div>
   <div class='ocr_carea' id='block_1_4' title="bbox 273 2509 1338 2700">
    <p class='ocr_par' dir='ltr' id='par_1_5' title="bbox 273 2509 1338 2700">
     <span class='ocr_line' id='line_1_19' title="bbox 274 2509 1338 2593; baseline -0.002 -18"><span class='ocrx_word' id='word_1_130' title='bbox 274 2511 394 2575; x_wconf 90' lang='lat' dir='ltr'><strong>minum</strong></span> <span class='ocrx_word' id='word_1_131' title='bbox 419 2509 685 2593; x_wconf 80' lang='lat' dir='ltr'><strong>occupationibus</strong></span> <span class='ocrx_word' id='word_1_132' title='bbox 710 2510 898 2593; x_wconf 82' lang='lat' dir='ltr'><strong>artibusque</strong></span> <span class='ocrx_word' id='word_1_133' title='bbox 923 2533 981 2576; x_wconf 93' lang='lat' dir='ltr'><strong>uec</strong></span> <span class='ocrx_word' id='word_1_134' title='bbox 997 2534 1060 2577; x_wconf 88' lang='lat' dir='ltr'><strong>nou</strong></span> <span class='ocrx_word' id='word_1_135' title='bbox 1086 2535 1125 2576; x_wconf 85' lang='lat' dir='ltr'><strong>ex</strong></span> <span class='ocrx_word' id='word_1_136' title='bbox 1147 2512 1338 2575; x_wconf 89' lang='lat' dir='ltr'><strong>iustrumcu·</strong></span> 
     </span>
     <span class='ocr_line' id='line_1_20' title="bbox 273 2615 1326 2700; baseline -0.003 -18"><span class='ocrx_word' id='word_1_137' title='bbox 273 2618 314 2682; x_wconf 89' lang='lat' dir='ltr'><strong>tis</strong></span> <span class='ocrx_word' id='word_1_138' title='bbox 338 2619 431 2682; x_wconf 90' lang='lat' dir='ltr'><strong>iniis</strong></span> <span class='ocrx_word' id='word_1_139' title='bbox 456 2615 608 2682; x_wconf 84' lang='lat' dir='ltr'><strong>adhibitis</strong></span> <span class='ocrx_word' id='word_1_140' title='bbox 632 2617 745 2700; x_wconf 81' lang='lat' dir='ltr'><strong>petita,</strong></span> <span class='ocrx_word' id='word_1_141' title='bbox 1319 2623 1326 2638; x_wconf 80' lang='grc'><strong>“</strong></span> 
     </span>
    </p>
   </div>
   <div class='ocr_carea' id='block_1_5' title="bbox 275 2739 1341 3258">
    <p class='ocr_par' dir='ltr' id='par_1_6' title="bbox 275 2739 1341 3258">
     <span class='ocr_line' id='line_1_21' title="bbox 364 2739 1338 2826; baseline 0 -20"><span class='ocrx_word' id='word_1_142' title='bbox 364 2740 525 2826; x_wconf 77' lang='lat' dir='ltr'><strong>Quoniam</strong></span> <span class='ocrx_word' id='word_1_143' title='bbox 564 2739 723 2806; x_wconf 83' lang='lat' dir='ltr'><strong>Graeciae</strong></span> <span class='ocrx_word' id='word_1_144' title='bbox 761 2744 839 2806; x_wconf 85' lang='lat' dir='ltr'><strong>situs</strong></span> <span class='ocrx_word' id='word_1_145' title='bbox 873 2743 985 2808; x_wconf 89' lang='lat' dir='ltr'><strong>incolis</strong></span> <span class='ocrx_word' id='word_1_146' title='bbox 1019 2765 1133 2808; x_wconf 85' lang='lat' dir='ltr'><strong>munus</strong></span> <span class='ocrx_word' id='word_1_147' title='bbox 1167 2741 1338 2825; x_wconf 83' lang='lat' dir='ltr'><strong>navigandi</strong></span> 
     </span>
     <span class='ocr_line' id='line_1_22' title="bbox 275 2840 1339 2936; baseline 0.002 -22"><span class='ocrx_word' id='word_1_148' title='bbox 275 2852 367 2934; x_wconf 89' lang='lat' dir='ltr'><strong>quasi</strong></span> <span class='ocrx_word' id='word_1_149' title='bbox 391 2851 477 2914; x_wconf 89' lang='lat' dir='ltr'><strong>ultro</strong></span> <span class='ocrx_word' id='word_1_150' title='bbox 502 2849 714 2932; x_wconf 78' lang='lat' dir='ltr'><strong>describebat,</strong></span> <span class='ocrx_word' id='word_1_151' title='bbox 741 2840 990 2918; x_wconf 84' lang='lat' dir='ltr'><strong>consentaneum</strong></span> <span class='ocrx_word' id='word_1_152' title='bbox 1008 2860 1065 2932; x_wconf 88' lang='lat' dir='ltr'><strong>est,</strong></span> <span class='ocrx_word' id='word_1_153' title='bbox 1091 2871 1243 2933; x_wconf 87' lang='lat' dir='ltr'><strong>maguum</strong></span> <span class='ocrx_word' id='word_1_154' title='bbox 1269 2873 1339 2936; x_wconf 88' lang='lat' dir='ltr'><strong>pro·</strong></span> 
     </span>
     <span class='ocr_line' id='line_1_23' title="bbox 275 2958 1341 3044; baseline 0.001 -22"><span class='ocrx_word' id='word_1_155' title='bbox 275 2959 457 3025; x_wconf 86' lang='lat' dir='ltr'><strong>verbiornm</strong></span> <span class='ocrx_word' id='word_1_156' title='bbox 499 2979 667 3023; x_wconf 90' lang='lat' dir='ltr'><strong>numerum</strong></span> <span class='ocrx_word' id='word_1_157' title='bbox 709 2965 742 3022; x_wconf 90' lang='lat' dir='ltr'><strong>et</strong></span> <span class='ocrx_word' id='word_1_158' title='bbox 779 2958 975 3024; x_wconf 91' lang='lat' dir='ltr'><strong>locutionum</strong></span> <span class='ocrx_word' id='word_1_159' title='bbox 1016 2959 1341 3044; x_wconf 87' lang='lat' dir='ltr'><strong>metaphorarumque</strong></span> 
     </span>
     <span class='ocr_line' id='line_1_24' title="bbox 275 3065 1341 3150; baseline 0 -22"><span class='ocrx_word' id='word_1_160' title='bbox 275 3065 523 3148; x_wconf 88' lang='lat' dir='ltr'><strong>proverbialium</strong></span> <span class='ocrx_word' id='word_1_161' title='bbox 548 3086 586 3129; x_wconf 88' lang='lat' dir='ltr'><strong>ex</strong></span> <span class='ocrx_word' id='word_1_162' title='bbox 607 3066 691 3130; x_wconf 88' lang='lat' dir='ltr'><strong>mari</strong></span> <span class='ocrx_word' id='word_1_163' title='bbox 716 3072 748 3129; x_wconf 91' lang='lat' dir='ltr'><strong>et</strong></span> <span class='ocrx_word' id='word_1_164' title='bbox 771 3086 806 3128; x_wconf 92' lang='lat' dir='ltr'><strong>re</strong></span> <span class='ocrx_word' id='word_1_165' title='bbox 829 3066 934 3129; x_wconf 88' lang='lat' dir='ltr'><strong>navali</strong></span> <span class='ocrx_word' id='word_1_166' title='bbox 959 3066 1134 3150; x_wconf 88' lang='lat' dir='ltr'><strong>petitorum</strong></span> <span class='ocrx_word' id='word_1_167' title='bbox 1158 3088 1236 3131; x_wconf 87' lang='lat' dir='ltr'><strong>cum·</strong></span> <span class='ocrx_word' id='word_1_168' title='bbox 1254 3065 1341 3149; x_wconf 86' lang='lat' dir='ltr'><strong>apud</strong></span> 
     </span>
     <span class='ocr_line' id='line_1_25' title="bbox 275 3169 1340 3258; baseline -0.001 -21"><span class='ocrx_word' id='word_1_169' title='bbox 275 3172 355 3237; x_wconf 90' lang='lat' dir='ltr'><strong>alios</strong></span> <span class='ocrx_word' id='word_1_170' title='bbox 380 3179 528 3238; x_wconf 89' lang='lat' dir='ltr'><strong>auctores</strong></span> <span class='ocrx_word' id='word_1_171' title='bbox 555 3193 723 3236; x_wconf 87' lang='lat' dir='ltr'><strong>occurrere</strong></span> <span class='ocrx_word' id='word_1_172' title='bbox 747 3180 815 3236; x_wconf 90' lang='lat' dir='ltr'><strong>tum</strong></span> <span class='ocrx_word' id='word_1_173' title='bbox 839 3173 969 3254; x_wconf 85' lang='lat' dir='ltr'><strong>tragicis</strong></span> <span class='ocrx_word' id='word_1_174' title='bbox 987 3173 1020 3235; x_wconf 90' lang='lat' dir='ltr'><strong>iu</strong></span> <span class='ocrx_word' id='word_1_175' title='bbox 1045 3173 1167 3237; x_wconf 91' lang='lat' dir='ltr'><strong>deliciis</strong></span> <span class='ocrx_word' id='word_1_176' title='bbox 1191 3169 1340 3258; x_wconf 84' lang='lat' dir='ltr'><strong>fuisse.*)</strong></span> 
     </span>
    </p>
   </div>
   <div class='ocr_carea' id='block_1_6' title="bbox 275 3298 1343 3923">
    <p class='ocr_par' dir='ltr' id='par_1_7' title="bbox 275 3298 1343 3923">
     <span class='ocr_line' id='line_1_26' title="bbox 365 3298 1341 3386; baseline 0.001 -20"><span class='ocrx_word' id='word_1_177' title='bbox 365 3299 471 3366; x_wconf 87' lang='lat' dir='ltr'><strong>Voces</strong></span> <span class='ocrx_word' id='word_1_178' title='bbox 496 3303 705 3384; x_wconf 69' lang='grc' dir='ltr'><strong>πέλαγος,</strong></span> <span class='ocrx_word' id='word_1_179' title='bbox 741 3298 957 3381; x_wconf 76' lang='grc' dir='ltr'><em>θάλασσα,</em></span> <span class='ocrx_word' id='word_1_180' title='bbox 989 3307 1119 3386; x_wconf 74' lang='grc' dir='ltr'><em>κῦμα,</em></span> <span class='ocrx_word' id='word_1_181' title='bbox 1147 3299 1341 3381; x_wconf 73' lang='grc' dir='ltr'><em>κλύδων,</em></span> 
     </span>
     <span class='ocr_line' id='line_1_27' title="bbox 275 3405 1342 3492; baseline -0.005 -18"><span class='ocrx_word' id='word_1_182' title='bbox 275 3406 545 3489; x_wconf 76' lang='grc' dir='ltr'><em>κλυδώνιον,</em></span> <span class='ocrx_word' id='word_1_183' title='bbox 582 3407 735 3492; x_wconf 64' lang='grc' dir='ltr'><strong>ῥεῦμα,</strong></span> <span class='ocrx_word' id='word_1_184' title='bbox 769 3406 911 3487; x_wconf 65' lang='grc' dir='ltr'><em>βάθος</em></span> <span class='ocrx_word' id='word_1_185' title='bbox 943 3427 1039 3488; x_wconf 84' lang='lat' dir='ltr'><strong>saepe</strong></span> <span class='ocrx_word' id='word_1_186' title='bbox 1071 3414 1269 3489; x_wconf 89' lang='lat' dir='ltr'><strong>usurpantur</strong></span> <span class='ocrx_word' id='word_1_187' title='bbox 1300 3405 1342 3469; x_wconf 87' lang='lat' dir='ltr'><strong>ad</strong></span> 
     </span>
     <span class='ocr_line' id='line_1_28' title="bbox 275 3512 1342 3596; baseline 0 -19"><span class='ocrx_word' id='word_1_188' title='bbox 275 3512 518 3596; x_wconf 78' lang='lat' dir='ltr'><strong>significandam</strong></span> <span class='ocrx_word' id='word_1_189' title='bbox 543 3513 797 3594; x_wconf 84' lang='lat' dir='ltr'><strong>magnitudinem</strong></span> <span class='ocrx_word' id='word_1_190' title='bbox 820 3514 869 3577; x_wconf 87' lang='lat' dir='ltr'><strong>vel</strong></span> <span class='ocrx_word' id='word_1_191' title='bbox 885 3512 1123 3588; x_wconf 87' lang='lat' dir='ltr'><strong>multitudinem</strong></span> <span class='ocrx_word' id='word_1_192' title='bbox 1139 3534 1246 3576; x_wconf 86' lang='lat' dir='ltr'><strong>rerum</strong></span> <span class='ocrx_word' id='word_1_193' title='bbox 1271 3535 1342 3577; x_wconf 89' lang='lat' dir='ltr'><strong>cum</strong></span> 
     </span>
     <span class='ocr_line' id='line_1_29' title="bbox 275 3619 1343 3704; baseline -0.002 -18"><span class='ocrx_word' id='word_1_194' title='bbox 275 3619 488 3686; x_wconf 85' lang='lat' dir='ltr'><strong>secundarum</strong></span> <span class='ocrx_word' id='word_1_195' title='bbox 514 3629 580 3685; x_wconf 89' lang='lat' dir='ltr'><strong>tum</strong></span> <span class='ocrx_word' id='word_1_196' title='bbox 605 3622 743 3686; x_wconf 87' lang='lat' dir='ltr'><strong>maxime</strong></span> <span class='ocrx_word' id='word_1_197' title='bbox 767 3620 985 3692; x_wconf 81' lang='lat' dir='ltr'><strong>adversarum,</strong></span> <span class='ocrx_word' id='word_1_198' title='bbox 1041 3619 1247 3702; x_wconf 76' lang='lat' dir='ltr'><strong>Quamquam</strong></span> <span class='ocrx_word' id='word_1_199' title='bbox 1271 3641 1343 3704; x_wconf 90' lang='lat' dir='ltr'><strong>par-</strong></span> 
     </span>
     <span class='ocr_line' id='line_1_30' title="bbox 276 3726 1341 3820; baseline -0.003 -28"><span class='ocrx_word' id='word_1_200' title='bbox 276 3728 497 3812; x_wconf 86' lang='lat' dir='ltr'><strong>oemiographi</strong></span> <span class='ocrx_word' id='word_1_201' title='bbox 513 3750 610 3793; x_wconf 91' lang='lat' dir='ltr'><strong>uuam</strong></span> <span class='ocrx_word' id='word_1_202' title='bbox 620 3729 813 3793; x_wconf 86' lang='lat' dir='ltr'><strong>locutionem</strong></span> <span class='ocrx_word' id='word_1_203' title='bbox 828 3726 965 3815; x_wconf 65' lang='grc' dir='ltr'><em>ἀγαθῶν</em></span> <span class='ocrx_word' id='word_1_204' title='bbox 989 3728 1136 3796; x_wconf 66' lang='grc' dir='ltr'><em>θάλασσα</em></span> <span class='ocrx_word' id='word_1_205' title='bbox 1161 3727 1252 3811; x_wconf 87' lang='lat' dir='ltr'><strong>(Zeu.</strong></span> <span class='ocrx_word' id='word_1_206' title='bbox 1264 3726 1291 3808; x_wconf 87' lang='lat' dir='ltr'><strong>I,</strong></span> <span class='ocrx_word' id='word_1_207' title='bbox 1305 3734 1326 3820; x_wconf 74' lang='lat'><strong>⁹.</strong></span> <span class='ocrx_word' id='word_1_208' title='bbox 1335 3751 1341 3807; x_wconf 90' lang='grc'>;</span> 
     </span>
     <span class='ocr_line' id='line_1_31' title="bbox 275 3833 1343 3923; baseline 0 -25"><span class='ocrx_word' id='word_1_209' title='bbox 275 3835 373 3920; x_wconf 77' lang='lat' dir='ltr'><strong>Diog‚</strong></span> <span class='ocrx_word' id='word_1_210' title='bbox 398 3834 426 3916; x_wconf 80' lang='grc' dir='ltr'><strong>Ι,</strong></span> <span class='ocrx_word' id='word_1_211' title='bbox 453 3839 511 3917; x_wconf 84' lang='grc'><strong>]0;</strong></span> <span class='ocrx_word' id='word_1_212' title='bbox 535 3837 577 3900; x_wconf 94' lang='lat' dir='ltr'><strong>D.</strong></span> <span class='ocrx_word' id='word_1_213' title='bbox 607 3836 643 3907; x_wconf 79' lang='lat' dir='ltr'><strong>V,</strong></span> <span class='ocrx_word' id='word_1_214' title='bbox 669 3835 696 3918; x_wconf 89' lang='lat' dir='ltr'><strong>I,</strong></span> <span class='ocrx_word' id='word_1_215' title='bbox 723 3841 762 3923; x_wconf 78' lang='lat'><strong>83</strong></span> <span class='ocrx_word' id='word_1_216' title='bbox 786 3835 874 3907; x_wconf 81' lang='lat' dir='ltr'><strong>Mac.</strong></span> <span class='ocrx_word' id='word_1_217' title='bbox 897 3835 985 3919; x_wconf 84' lang='lat' dir='ltr'><strong>1‚a;</strong></span> <span class='ocrx_word' id='word_1_218' title='bbox 1010 3835 1128 3919; x_wconf 77' lang='lat' dir='ltr'><strong>Apost.</strong></span> <span class='ocrx_word' id='word_1_219' title='bbox 1147 3834 1234 3921; x_wconf 82' lang='lat'>1,5;</span> <span class='ocrx_word' id='word_1_220' title='bbox 1258 3833 1343 3898; x_wconf 89' lang='lat' dir='ltr'><strong>idem</strong></span> 
     </span>
    </p>
   </div>
   <div class='ocr_carea' id='block_1_7' title="bbox 275 4031 1341 4191">
    <p class='ocr_par' dir='ltr' id='par_1_8' title="bbox 275 4031 1341 4191">
     <span class='ocr_line' id='line_1_32' title="bbox 350 4031 1341 4101; baseline -0.001 -17"><span class='ocrx_word' id='word_1_221' title='bbox 350 4032 374 4090; x_wconf 81' lang='lat' dir='ltr'><strong>*t</strong></span> <span class='ocrx_word' id='word_1_222' title='bbox 395 4034 429 4086; x_wconf 72' lang='grc' dir='ltr'><strong>(ελ.</strong></span> <span class='ocrx_word' id='word_1_223' title='bbox 449 4039 563 4101; x_wconf 86' lang='lat' dir='ltr'><strong>praeter</strong></span> <span class='ocrx_word' id='word_1_224' title='bbox 582 4033 664 4086; x_wconf 84' lang='lat' dir='ltr'><strong>alios:</strong></span> <span class='ocrx_word' id='word_1_225' title='bbox 694 4032 737 4086; x_wconf 75' lang='lat' dir='ltr'><strong>al.</strong></span> <span class='ocrx_word' id='word_1_226' title='bbox 757 4032 915 4086; x_wconf 83' lang='lat' dir='ltr'><strong>Schwartz:</strong></span> <span class='ocrx_word' id='word_1_227' title='bbox 944 4032 978 4084; x_wconf 90' lang='lat' dir='ltr'><strong>de</strong></span> <span class='ocrx_word' id='word_1_228' title='bbox 997 4032 1169 4099; x_wconf 90' lang='lat' dir='ltr'><strong>metaphoris</strong></span> <span class='ocrx_word' id='word_1_229' title='bbox 1189 4050 1203 4083; x_wconf 91' lang='lat' dir='ltr'><strong>e</strong></span> <span class='ocrx_word' id='word_1_230' title='bbox 1223 4031 1293 4083; x_wconf 89' lang='lat' dir='ltr'><strong>mari</strong></span> <span class='ocrx_word' id='word_1_231' title='bbox 1315 4035 1341 4084; x_wconf 83' lang='lat' dir='ltr'><strong>et</strong></span> 
     </span>
     <span class='ocr_line' id='line_1_33' title="bbox 275 4120 1224 4191; baseline -0.003 -15"><span class='ocrx_word' id='word_1_232' title='bbox 275 4141 305 4176; x_wconf 89' lang='lat' dir='ltr'><strong>re</strong></span> <span class='ocrx_word' id='word_1_233' title='bbox 325 4123 422 4177; x_wconf 88' lang='lat' dir='ltr'><strong>navali</strong></span> <span class='ocrx_word' id='word_1_234' title='bbox 442 4121 540 4191; x_wconf 88' lang='lat' dir='ltr'><strong>petitis</strong></span> <span class='ocrx_word' id='word_1_235' title='bbox 560 4121 738 4190; x_wconf 84' lang='lat' dir='ltr'><strong>quaestiones</strong></span> <span class='ocrx_word' id='word_1_236' title='bbox 758 4121 936 4190; x_wconf 86' lang='lat' dir='ltr'><strong>Euripideae.</strong></span> <span class='ocrx_word' id='word_1_237' title='bbox 975 4120 1049 4174; x_wconf 80' lang='lat' dir='ltr'><strong>Disn.</strong></span> <span class='ocrx_word' id='word_1_238' title='bbox 1069 4121 1126 4174; x_wconf 87' lang='lat' dir='ltr'><strong>Kil.</strong></span> <span class='ocrx_word' id='word_1_239' title='bbox 1149 4122 1224 4173; x_wconf 83' lang='lat'>1878.</span> 
     </span>
    </p>
   </div>
   <div class='ocr_carea' id='block_1_8' title="bbox 0 0 1567 4996">
    <p class='ocr_par' dir='ltr' id='par_1_9' title="bbox 0 0 1567 4996">
     <span class='ocr_line' id='line_1_34' title="bbox 0 0 1567 4996; baseline 0 0"><span class='ocrx_word' id='word_1_240' title='bbox 0 0 1567 4996; x_wconf 95' lang='lat' dir='ltr'><strong> </strong></span> 
     </span>
    </p>
   </div>
  </div>
 </body>
</html>
