3116 4996
286 1308 599 1410 'proverbiorum
630 1335 840 1426 v'inr‘quuuti
873 1344 1112 1408 aestimaverint
1145 1340 1274 1424 Graeci,

206 1475 276 1516 curn
301 1475 340 1516 ex
360 1452 477 1548 'crebro
503 1474 613 1518 corum
638 1474 698 1518 usu
723 1472 781 1514 nec
805 1451 838 1516 in
861 1450 927 1514 ullo
952 1445 1135 1515 litterarum
1159 1471 1275 1532 genere

205 1567 392 1641 contempto
417 1559 616 1641 intellegitur
646 1568 715 1622 tum
748 1556 823 1622 inde
853 1557 942 1640 quod
975 1558 1038 1622 iam
1070 1564 1193 1622 veteres
1218 1557 1276 1620 viri

205 1666 292 1730 docti
308 1665 348 1730 de
365 1668 402 1730 iis
420 1666 586 1748 disputare
603 1673 789 1746 coeperunt.
820 1663 978 1730 Omnibus
995 1665 1098 1729 facem
1123 1665 1278 1750 praetulit

205 1774 401 1839 Aristoteles
426 1771 592 1856 Stagirita‚
629 1773 683 1855 qui
716 1794 781 1835 non
814 1772 981 1854 indignum
1021 1773 1199 1842 arbitratus
1228 1782 1277 1837 cst

205 1903 345 1966 persona
392 1879 576 1966 philosophi
625 1881 795 1964 proverbia
834 1880 985 1962 colligere
1025 1879 1274 1964 explorareque.

205 1987 269 2054 Sed
293 1989 424 2070 longum
450 1996 500 2053 est
523 1989 655 2052 uomina
679 2009 790 2052 eorum
804 2009 1004 2070 enumerare,
1030 1977 1085 2069 qni
1102 1988 1277 2072 posthunc

206 2095 434 2178 philosophum
458 2117 516 2178 pro
542 2093 671 2159 diversa
686 2093 867 2159 studiorum
884 2095 1009 2158 ratione
1027 2094 1154 2158 diversa
1177 2095 1278 2159 secuti

209 2203 341 2267 consilia
357 2202 397 2266 de
414 2203 591 2286 proverbiis
608 2202 849 2266 disseruerunt:
874 2203 1065 2284 praesertim
1083 2223 1154 2265 cum
1171 2201 1277 2266 nullus

208 2307 248 2373 de
272 2309 333 2374 hac
357 2331 392 2374 re
415 2309 497 2374 liber
515 2331 543 2375 a.
562 2310 638 2376 Chr.
665 2309 803 2392 scriptus
820 2316 961 2373 aetatem
985 2309 1104 2374 tulerit.
1152 2308 1278 2373 Hause-

208 2424 284 2482 runt
307 2426 414 2482 autem
439 2439 479 2481 ex
501 2417 631 2480 illorum
657 2417 787 2499 scriptis
811 2415 1103 2500 paroemiographi,
1130 2415 1185 2498 qui
1209 2437 1278 2480 sae·

208 2523 287 2588 culis
321 2545 353 2606 p.
382 2522 459 2596 Chr.
493 2525 595 2589 altero
631 2531 664 2588 et
697 2524 794 2588 tertio
826 2521 1016 2604 floruerunt,
1050 2522 1213 2587 Zenobius
1247 2531 1280 2588 et

208 2631 429 2714 Diogeniauns
446 2631 655 2712 Heracleote,
682 2651 821 2713 quorum
837 2631 912 2694 libri
929 2630 1021 2694 nobis
1039 2638 1167 2712 praesto
1193 2639 1277 2696 sunt.

207 2737 289 2803 Tum
315 2739 438 2804 tradita
471 2739 626 2803 hahemus
650 2739 835 2820 ignotorum
869 2747 1037 2802 auctorum
1069 2739 1278 2820 collectanea,

210 2867 292 2926 quae
316 2848 348 2910 in
373 2845 466 2910 codd.
488 2847 658 2928 Vaticano,
685 2844 875 2923 Bodleiano,
902 2843 1099 2910 Coisliniano
1117 2847 1280 2910 continen-

211 2961 273 3034 tur,
300 2953 339 3020 de
364 2953 481 3036 quibus
506 2952 660 3018 Schottns
684 2953 716 3016 in
734 2950 810 3016 edit.
830 2949 997 3021 Gaissord.
1022 2977 1052 3036 p,
1071 2952 1164 3018 XIX
1190 2976 1280 3038 prae-

208 3060 295 3125 fatus
320 3069 376 3126 est.
403 3059 579 3124 Praeterea
603 3061 636 3122 in
660 3059 808 3123 manibus
832 3061 951 3123 nostris
975 3069 1144 3126 versantur
1168 3063 1280 3138 leviter

210 3169 385 3250 compilata
409 3166 556 3230 collectio
583 3167 825 3250 proverbiorum
853 3167 1030 3232 Plutarcho
1060 3167 1280 3234 Chaeronensi

209 3274 291 3338 falso
316 3274 484 3352 attributa,
511 3274 649 3357 denique
675 3295 758 3357 quae
775 3279 882 3338 aetate
900 3274 995 3339 medii
1013 3278 1083 3340 aevi
1102 3275 1280 3359 Gregorius

210 3379 363 3464 Cypride,
390 3381 554 3446 Macarius
580 3381 880 3465 Chrysocephalus,
910 3383 1053 3448 Michael
1077 3385 1279 3468 Apostolius,

211 3489 367 3553 Arsenius
393 3489 675 3572 exsuperioribus
700 3497 941 3572 excerpserunt.
989 3489 1039 3554 De
1055 3492 1181 3556 ratione
1197 3491 1281 3555 inter

211 3594 352 3678 singulos
377 3594 435 3660 hos
461 3595 770 3680 paroemiographos
795 3595 1015 3661 intercedente
1039 3604 1070 3661 et
1095 3598 1134 3662 de
1160 3597 1281 3680 origine

211 3724 344 3786 operum
369 3725 480 3770 eorum
505 3705 708 3786 genuinisque
733 3703 838 3767 forma
859 3711 966 3768 aetate
983 3713 1095 3769 nostra
1111 3705 1170 3768 viri
1194 3704 1281 3769 docti

209 3808 456 3892 disputaverunt
473 3810 538 3875 nixi
556 3809 719 3875 codicibus
746 3831 842 3874 manu
867 3813 994 3894 scriptis
1018 3833 1121 3894 nuper
1145 3815 1281 3895 repertis

211 3916 503 3999 collationibusque
520 3917 666 3981 aliorum.
715 3915 859 3997 Orosius,
879 3919 934 4000 qni
951 3920 1080 4002 scripsit
1096 3919 1282 4002 „Analecta

211 4005 335 4087 critica*
361 4022 404 4088 ad
437 4025 745 4108 paroemiographos
780 4023 946 4090 Graecos“
985 4026 1088 4110 (Lips.
1117 4027 1217 4112 1883)
1250 4029 1282 4091 in

212 4127 327 4194 ultima
351 4133 631 4195 commentationis
664 4155 742 4196 suae
766 4132 886 4216 pagina
911 4134 1092 4218 composuit
1115 4134 1215 4199 libros
1241 4134 1282 4198 ad

1071 4259 1083 4309 l
