<?xml version="1.0" encoding="UTF-8"?>
<!DOCTYPE html PUBLIC "-//W3C//DTD XHTML 1.0 Transitional//EN"
    "http://www.w3.org/TR/xhtml1/DTD/xhtml1-transitional.dtd">
<html xmlns="http://www.w3.org/1999/xhtml" xml:lang="en" lang="en">
 <head>
  <title>
</title>
<meta http-equiv="Content-Type" content="text/html;charset=utf-8" />
  <meta name='ocr-system' content='tesseract 3.04.00' />
  <meta name='ocr-capabilities' content='ocr_page ocr_carea ocr_par ocr_line ocrx_word'/>
</head>
<body>
  <div class='ocr_page' id='page_1' title='image "./quaestionumdepr01kochgoog_0077.png"; bbox 0 0 3116 4996; ppageno 0'>
   <div class='ocr_carea' id='block_1_1' title="bbox 681 507 900 570">
    <p class='ocr_par' dir='ltr' id='par_1_1' title="bbox 681 507 900 570">
     <span class='ocr_line' id='line_1_1' title="bbox 681 507 900 570; baseline 0 -18"><span class='ocrx_word' id='word_1_1' title='bbox 681 507 900 570; x_wconf 66' lang='lat'>..70-</span> 
     </span>
    </p>
   </div>
   <div class='ocr_carea' id='block_1_2' title="bbox 257 698 1326 2625">
    <p class='ocr_par' dir='ltr' id='par_1_2' title="bbox 258 698 1325 892">
     <span class='ocr_line' id='line_1_2' title="bbox 258 698 1325 784; baseline -0.003 -18"><span class='ocrx_word' id='word_1_2' title='bbox 258 703 363 766; x_wconf 87' lang='lat' dir='ltr'><strong>nrinus</strong></span> <span class='ocrx_word' id='word_1_3' title='bbox 387 703 501 766; x_wconf 89' lang='lat' dir='ltr'><strong>mirum</strong></span> <span class='ocrx_word' id='word_1_4' title='bbox 535 699 703 781; x_wconf 87' lang='lat' dir='ltr'><strong>videbitur,</strong></span> <span class='ocrx_word' id='word_1_5' title='bbox 738 699 765 763; x_wconf 93' lang='lat' dir='ltr'><strong>si</strong></span> <span class='ocrx_word' id='word_1_6' title='bbox 797 699 1033 765; x_wconf 84' lang='lat' dir='ltr'><strong>meminerimus</strong></span> <span class='ocrx_word' id='word_1_7' title='bbox 1066 698 1256 784; x_wconf 83' lang='lat' dir='ltr'><strong>Euripidem</strong></span> <span class='ocrx_word' id='word_1_8' title='bbox 1289 699 1325 763; x_wconf 91' lang='lat' dir='ltr'><strong>li-</strong></span> 
     </span>
     <span class='ocr_line' id='line_1_3' title="bbox 258 805 1222 892; baseline -0.003 -19"><span class='ocrx_word' id='word_1_9' title='bbox 258 808 372 874; x_wconf 87' lang='lat' dir='ltr'><strong>benter</strong></span> <span class='ocrx_word' id='word_1_10' title='bbox 396 815 521 873; x_wconf 85' lang='lat' dir='ltr'><strong>mutare</strong></span> <span class='ocrx_word' id='word_1_11' title='bbox 545 806 787 892; x_wconf 83' lang='lat' dir='ltr'>proverbiorum</span> <span class='ocrx_word' id='word_1_12' title='bbox 811 805 948 871; x_wconf 84' lang='lat' dir='ltr'><strong>formam</strong></span> <span class='ocrx_word' id='word_1_13' title='bbox 972 807 1153 889; x_wconf 82' lang='lat' dir='ltr'><strong>genuinam,</strong></span> <span class='ocrx_word' id='word_1_14' title='bbox 1176 844 1222 874; x_wconf 79' lang='grc'><strong>,-</strong></span> 
     </span>
    </p>

    <p class='ocr_par' dir='ltr' id='par_1_3' title="bbox 348 913 979 998">
     <span class='ocr_line' id='line_1_4' title="bbox 348 913 979 998; baseline -0.003 -18"><span class='ocrx_word' id='word_1_15' title='bbox 348 915 502 998; x_wconf 89' lang='lat' dir='ltr'><strong>Adiungo</strong></span> <span class='ocrx_word' id='word_1_16' title='bbox 525 936 651 980; x_wconf 90' lang='lat' dir='ltr'><strong>versum</strong></span> <span class='ocrx_word' id='word_1_17' title='bbox 675 913 754 978; x_wconf 84' lang='lat' dir='ltr'><strong>Eur.</strong></span> <span class='ocrx_word' id='word_1_18' title='bbox 781 913 867 997; x_wconf 81' lang='lat' dir='ltr'><strong>chl.</strong></span> <span class='ocrx_word' id='word_1_19' title='bbox 894 915 979 981; x_wconf 79' lang='lat'><strong>362:</strong></span> 
     </span>
    </p>

    <p class='ocr_par' dir='ltr' id='par_1_4' title="bbox 257 1009 1326 2517">
     <span class='ocr_line' id='line_1_5' title="bbox 317 1009 1266 1110; baseline -0.003 -17"><span class='ocrx_word' id='word_1_20' title='bbox 317 1009 595 1110; x_wconf 83' lang='grc' dir='ltr'><em>μόνοςμόνφ</em></span> <span class='ocrx_word' id='word_1_21' title='bbox 620 1022 775 1110; x_wconf 75' lang='grc' dir='ltr'><em>κόμιζε</em></span> <span class='ocrx_word' id='word_1_22' title='bbox 800 1027 1060 1108; x_wconf 69' lang='grc' dir='ltr'><em>πομθμίδος</em></span> <span class='ocrx_word' id='word_1_23' title='bbox 1083 1021 1266 1108; x_wconf 75' lang='grc' dir='ltr'><em>σκάφος.</em></span> 
     </span>
     <span class='ocr_line' id='line_1_6' title="bbox 259 1145 1326 1234; baseline -0.001 -21"><span class='ocrx_word' id='word_1_24' title='bbox 259 1147 385 1213; x_wconf 75' lang='lat' dir='ltr'><strong>Chorus</strong></span> <span class='ocrx_word' id='word_1_25' title='bbox 426 1146 615 1231; x_wconf 84' lang='lat' dir='ltr'>Satyrorum</span> <span class='ocrx_word' id='word_1_26' title='bbox 655 1148 738 1211; x_wconf 91' lang='lat' dir='ltr'><strong>enim</strong></span> <span class='ocrx_word' id='word_1_27' title='bbox 777 1145 951 1234; x_wconf 83' lang='lat' dir='ltr'>Cyclopem</span> <span class='ocrx_word' id='word_1_28' title='bbox 989 1146 1091 1212; x_wconf 86' lang='lat' dir='ltr'>Ulixis</span> <span class='ocrx_word' id='word_1_29' title='bbox 1130 1147 1233 1212; x_wconf 89' lang='lat' dir='ltr'><strong>socios</strong></span> <span class='ocrx_word' id='word_1_30' title='bbox 1272 1169 1326 1212; x_wconf 91' lang='lat' dir='ltr'><strong>ne·</strong></span> 
     </span>
     <span class='ocr_line' id='line_1_7' title="bbox 259 1251 1325 1337; baseline 0.001 -18"><span class='ocrx_word' id='word_1_31' title='bbox 259 1264 415 1336; x_wconf 83' lang='lat' dir='ltr'><strong>naturum,</strong></span> <span class='ocrx_word' id='word_1_32' title='bbox 449 1254 564 1337; x_wconf 90' lang='lat' dir='ltr'><strong>quibus</strong></span> <span class='ocrx_word' id='word_1_33' title='bbox 597 1262 753 1336; x_wconf 84' lang='lat' dir='ltr'><strong>vescatur,</strong></span> <span class='ocrx_word' id='word_1_34' title='bbox 787 1253 949 1334; x_wconf 87' lang='lat' dir='ltr'><strong>admonet,</strong></span> <span class='ocrx_word' id='word_1_35' title='bbox 984 1251 1126 1336; x_wconf 86' lang='lat' dir='ltr'><strong>nequid</strong></span> <span class='ocrx_word' id='word_1_36' title='bbox 1151 1252 1325 1320; x_wconf 83' lang='lat' dir='ltr'><strong>distribuat</strong></span> 
     </span>
     <span class='ocr_line' id='line_1_8' title="bbox 259 1359 1324 1440; baseline 0 -15"><span class='ocrx_word' id='word_1_37' title='bbox 259 1361 298 1425; x_wconf 90' lang='lat' dir='ltr'><strong>de</strong></span> <span class='ocrx_word' id='word_1_38' title='bbox 323 1361 393 1426; x_wconf 92' lang='lat' dir='ltr'><strong>cibo</strong></span> <span class='ocrx_word' id='word_1_39' title='bbox 417 1362 480 1426; x_wconf 88' lang='lat' dir='ltr'><strong>isto</strong></span> <span class='ocrx_word' id='word_1_40' title='bbox 505 1361 664 1440; x_wconf 83' lang='lat' dir='ltr'><strong>nefand03</strong></span> <span class='ocrx_word' id='word_1_41' title='bbox 690 1381 817 1424; x_wconf 90' lang='lat' dir='ltr'><strong>carnem</strong></span> <span class='ocrx_word' id='word_1_42' title='bbox 844 1360 1014 1424; x_wconf 83' lang='lat' dir='ltr'><strong>humanam</strong></span> <span class='ocrx_word' id='word_1_43' title='bbox 1040 1359 1101 1424; x_wconf 92' lang='lat' dir='ltr'><strong>sibi</strong></span> <span class='ocrx_word' id='word_1_44' title='bbox 1118 1359 1178 1425; x_wconf 94' lang='lat' dir='ltr'><strong>soli</strong></span> <span class='ocrx_word' id='word_1_45' title='bbox 1194 1359 1324 1432; x_wconf 80' lang='lat' dir='ltr'><strong>babeat.</strong></span> 
     </span>
     <span class='ocr_line' id='line_1_9' title="bbox 259 1465 1324 1553; baseline -0.001 -21"><span class='ocrx_word' id='word_1_46' title='bbox 259 1465 355 1552; x_wconf 76' lang='lat' dir='ltr'><strong>Quod</strong></span> <span class='ocrx_word' id='word_1_47' title='bbox 379 1469 518 1550; x_wconf 82' lang='lat' dir='ltr'><strong>imagine</strong></span> <span class='ocrx_word' id='word_1_48' title='bbox 549 1491 568 1532; x_wconf 87' lang='lat' dir='ltr'><strong>a</strong></span> <span class='ocrx_word' id='word_1_49' title='bbox 601 1467 781 1550; x_wconf 80' lang='lat' dir='ltr'>navigando</span> <span class='ocrx_word' id='word_1_50' title='bbox 814 1468 917 1550; x_wconf 85' lang='lat' dir='ltr'><strong>petita</strong></span> <span class='ocrx_word' id='word_1_51' title='bbox 949 1467 994 1530; x_wconf 93' lang='lat' dir='ltr'><strong>sic</strong></span> <span class='ocrx_word' id='word_1_52' title='bbox 1018 1469 1181 1553; x_wconf 88' lang='lat' dir='ltr'><strong>exprimit:</strong></span> <span class='ocrx_word' id='word_1_53' title='bbox 1215 1469 1324 1548; x_wconf 84' lang='lat' dir='ltr'><strong>„solus</strong></span> 
     </span>
     <span class='ocr_line' id='line_1_10' title="bbox 258 1573 1322 1658; baseline 0 -16"><span class='ocrx_word' id='word_1_54' title='bbox 258 1577 317 1642; x_wconf 86' lang='lat' dir='ltr'><strong>tibi</strong></span> <span class='ocrx_word' id='word_1_55' title='bbox 341 1577 400 1642; x_wconf 90' lang='lat' dir='ltr'><strong>soli</strong></span> <span class='ocrx_word' id='word_1_56' title='bbox 424 1597 484 1658; x_wconf 82' lang='lat' dir='ltr'><strong>age</strong></span> <span class='ocrx_word' id='word_1_57' title='bbox 508 1575 678 1644; x_wconf 82' lang='lat' dir='ltr'><strong>celocem.“</strong></span> <span class='ocrx_word' id='word_1_58' title='bbox 725 1573 847 1638; x_wconf 87' lang='lat' dir='ltr'><strong>Mirum</strong></span> <span class='ocrx_word' id='word_1_59' title='bbox 865 1574 1100 1656; x_wconf 74' lang='lat' dir='ltr'><strong>quantum&#39;huc</strong></span> <span class='ocrx_word' id='word_1_60' title='bbox 1124 1575 1202 1639; x_wconf 87' lang='lat' dir='ltr'><strong>facit</strong></span> <span class='ocrx_word' id='word_1_61' title='bbox 1217 1573 1322 1643; x_wconf 89' lang='lat' dir='ltr'><strong>Plaut.</strong></span> 
     </span>
     <span class='ocr_line' id='line_1_11' title="bbox 259 1681 1324 1767; baseline -0.003 -20"><span class='ocrx_word' id='word_1_62' title='bbox 259 1682 375 1752; x_wconf 75' lang='lat' dir='ltr'><strong>Pseud,</strong></span> <span class='ocrx_word' id='word_1_63' title='bbox 415 1686 520 1750; x_wconf 78' lang='lat'>1305:</span> <span class='ocrx_word' id='word_1_64' title='bbox 546 1691 616 1764; x_wconf 85' lang='lat' dir='ltr'><strong>„set</strong></span> <span class='ocrx_word' id='word_1_65' title='bbox 640 1681 691 1745; x_wconf 89' lang='lat' dir='ltr'><strong>dic</strong></span> <span class='ocrx_word' id='word_1_66' title='bbox 715 1689 833 1762; x_wconf 86' lang='lat' dir='ltr'><strong>tamen,</strong></span> <span class='ocrx_word' id='word_1_67' title='bbox 860 1681 870 1767; x_wconf 71' lang='lat' dir='ltr'><em>f</em></span> <span class='ocrx_word' id='word_1_68' title='bbox 901 1681 986 1745; x_wconf 90' lang='lat' dir='ltr'><strong>unde</strong></span> <span class='ocrx_word' id='word_1_69' title='bbox 1010 1690 1159 1747; x_wconf 81' lang='lat' dir='ltr'><strong>onustam</strong></span> <span class='ocrx_word' id='word_1_70' title='bbox 1185 1681 1324 1746; x_wconf 84' lang='lat' dir='ltr'>celocem</span> 
     </span>
     <span class='ocr_line' id='line_1_12' title="bbox 258 1789 1324 1873; baseline 0 -19"><span class='ocrx_word' id='word_1_71' title='bbox 258 1812 354 1872; x_wconf 85' lang='lat' dir='ltr'><strong>agere</strong></span> <span class='ocrx_word' id='word_1_72' title='bbox 386 1797 418 1855; x_wconf 92' lang='lat' dir='ltr'><strong>te</strong></span> <span class='ocrx_word' id='word_1_73' title='bbox 449 1789 654 1873; x_wconf 83' lang='lat' dir='ltr'><strong>praedicem“</strong></span> <span class='ocrx_word' id='word_1_74' title='bbox 688 1789 707 1853; x_wconf 93' lang='lat' dir='ltr'><strong>i.</strong></span> <span class='ocrx_word' id='word_1_75' title='bbox 734 1811 759 1854; x_wconf 91' lang='lat' dir='ltr'><strong>e.</strong></span> <span class='ocrx_word' id='word_1_76' title='bbox 792 1789 932 1871; x_wconf 85' lang='lat' dir='ltr'><strong>imagine</strong></span> <span class='ocrx_word' id='word_1_77' title='bbox 967 1789 1116 1873; x_wconf 87' lang='lat' dir='ltr'><strong>dempta:</strong></span> <span class='ocrx_word' id='word_1_78' title='bbox 1153 1789 1236 1872; x_wconf 88' lang='lat' dir='ltr'><strong>„dic,</strong></span> <span class='ocrx_word' id='word_1_79' title='bbox 1270 1789 1324 1854; x_wconf 89' lang='lat' dir='ltr'><strong>ubi</strong></span> 
     </span>
     <span class='ocr_line' id='line_1_13' title="bbox 259 1896 1323 1981; baseline -0.001 -20"><span class='ocrx_word' id='word_1_80' title='bbox 259 1900 330 1964; x_wconf 92' lang='lat' dir='ltr'><strong>vino</strong></span> <span class='ocrx_word' id='word_1_81' title='bbox 354 1904 387 1962; x_wconf 85' lang='lat' dir='ltr'><strong>te</strong></span> <span class='ocrx_word' id='word_1_82' title='bbox 411 1897 651 1981; x_wconf 79' lang='lat' dir='ltr'><strong>compleveris‚“</strong></span> <span class='ocrx_word' id='word_1_83' title='bbox 699 1896 782 1961; x_wconf 89' lang='lat' dir='ltr'><strong>Inde</strong></span> <span class='ocrx_word' id='word_1_84' title='bbox 805 1897 853 1970; x_wconf 84' lang='lat' dir='ltr'><strong>ita</strong></span> <span class='ocrx_word' id='word_1_85' title='bbox 868 1897 1075 1980; x_wconf 89' lang='lat' dir='ltr'><strong>interpretari</strong></span> <span class='ocrx_word' id='word_1_86' title='bbox 1098 1897 1174 1961; x_wconf 91' lang='lat' dir='ltr'><strong>licet</strong></span> <span class='ocrx_word' id='word_1_87' title='bbox 1197 1919 1323 1961; x_wconf 92' lang='lat' dir='ltr'><strong>versum</strong></span> 
     </span>
     <span class='ocr_line' id='line_1_14' title="bbox 257 2003 1324 2091; baseline -0.001 -22"><span class='ocrx_word' id='word_1_88' title='bbox 257 2006 486 2091; x_wconf 84' lang='lat' dir='ltr'><strong>Euripideum:</strong></span> <span class='ocrx_word' id='word_1_89' title='bbox 524 2005 630 2085; x_wconf 84' lang='lat' dir='ltr'><strong>„solus</strong></span> <span class='ocrx_word' id='word_1_90' title='bbox 664 2011 806 2069; x_wconf 86' lang='lat' dir='ltr'><strong>ventrem</strong></span> <span class='ocrx_word' id='word_1_91' title='bbox 839 2010 930 2068; x_wconf 90' lang='lat' dir='ltr'><strong>tuum</strong></span> <span class='ocrx_word' id='word_1_92' title='bbox 960 2003 1065 2068; x_wconf 89' lang='lat' dir='ltr'><strong>solum</strong></span> <span class='ocrx_word' id='word_1_93' title='bbox 1088 2003 1205 2068; x_wconf 83' lang='lat' dir='ltr'><strong>referci</strong></span> <span class='ocrx_word' id='word_1_94' title='bbox 1228 2025 1324 2068; x_wconf 88' lang='lat' dir='ltr'><strong>carne</strong></span> 
     </span>
     <span class='ocr_line' id='line_1_15' title="bbox 259 2109 1325 2194; baseline -0.001 -17"><span class='ocrx_word' id='word_1_95' title='bbox 259 2113 430 2182; x_wconf 83' lang='lat' dir='ltr'><strong>humana‚“</strong></span> <span class='ocrx_word' id='word_1_96' title='bbox 479 2110 595 2194; x_wconf 88' lang='lat' dir='ltr'><strong>Neque</strong></span> <span class='ocrx_word' id='word_1_97' title='bbox 627 2111 745 2175; x_wconf 88' lang='lat' dir='ltr'><strong>iniuria</strong></span> <span class='ocrx_word' id='word_1_98' title='bbox 768 2109 976 2194; x_wconf 84' lang='lat' dir='ltr'><strong>Mnsgravius</strong></span> <span class='ocrx_word' id='word_1_99' title='bbox 1009 2111 1061 2175; x_wconf 91' lang='lat' dir='ltr'><strong>bic</strong></span> <span class='ocrx_word' id='word_1_100' title='bbox 1093 2111 1254 2194; x_wconf 85' lang='lat' dir='ltr'><strong>proverbii</strong></span> <span class='ocrx_word' id='word_1_101' title='bbox 1279 2120 1325 2176; x_wconf 89' lang='lat' dir='ltr'><strong>te-</strong></span> 
     </span>
     <span class='ocr_line' id='line_1_16' title="bbox 258 2218 1323 2303; baseline 0 -19"><span class='ocrx_word' id='word_1_102' title='bbox 258 2241 369 2285; x_wconf 84' lang='lat' dir='ltr'><strong>norem</strong></span> <span class='ocrx_word' id='word_1_103' title='bbox 401 2221 543 2303; x_wconf 90' lang='lat' dir='ltr'><strong>reperire</strong></span> <span class='ocrx_word' id='word_1_104' title='bbox 573 2218 651 2282; x_wconf 91' lang='lat' dir='ltr'><strong>mihi</strong></span> <span class='ocrx_word' id='word_1_105' title='bbox 683 2218 826 2300; x_wconf 87' lang='lat' dir='ltr'><strong>videtur,</strong></span> <span class='ocrx_word' id='word_1_106' title='bbox 860 2219 947 2282; x_wconf 91' lang='lat' dir='ltr'><strong>cuius</strong></span> <span class='ocrx_word' id='word_1_107' title='bbox 982 2222 1110 2283; x_wconf 89' lang='lat' dir='ltr'><strong>sensum</strong></span> <span class='ocrx_word' id='word_1_108' title='bbox 1143 2219 1229 2284; x_wconf 89' lang='lat' dir='ltr'><strong>hunc</strong></span> <span class='ocrx_word' id='word_1_109' title='bbox 1253 2241 1323 2285; x_wconf 88' lang='lat' dir='ltr'><strong>esse</strong></span> 
     </span>
     <span class='ocr_line' id='line_1_17' title="bbox 259 2324 1324 2410; baseline 0.002 -20"><span class='ocrx_word' id='word_1_110' title='bbox 259 2328 390 2397; x_wconf 88' lang='lat' dir='ltr'><strong>asserit:</strong></span> <span class='ocrx_word' id='word_1_111' title='bbox 427 2326 505 2407; x_wconf 82' lang='lat' dir='ltr'><strong>„tibi</strong></span> <span class='ocrx_word' id='word_1_112' title='bbox 538 2326 597 2391; x_wconf 91' lang='lat' dir='ltr'><strong>soli</strong></span> <span class='ocrx_word' id='word_1_113' title='bbox 630 2326 859 2409; x_wconf 85' lang='lat' dir='ltr'><strong>prospicevel</strong></span> <span class='ocrx_word' id='word_1_114' title='bbox 893 2326 1054 2398; x_wconf 78' lang='lat' dir='ltr'><strong>consuie‚“</strong></span> <span class='ocrx_word' id='word_1_115' title='bbox 1119 2324 1324 2410; x_wconf 78' lang='lat' dir='ltr'><strong>Quamquam</strong></span> 
     </span>
     <span class='ocr_line' id='line_1_18' title="bbox 259 2433 1324 2517; baseline 0.004 -21"><span class='ocrx_word' id='word_1_116' title='bbox 259 2433 374 2498; x_wconf 89' lang='lat' dir='ltr'><strong>desunt</strong></span> <span class='ocrx_word' id='word_1_117' title='bbox 398 2439 541 2497; x_wconf 90' lang='lat' dir='ltr'><strong>veterum</strong></span> <span class='ocrx_word' id='word_1_118' title='bbox 565 2433 756 2514; x_wconf 84' lang='lat' dir='ltr'><strong>testimonie,</strong></span> <span class='ocrx_word' id='word_1_119' title='bbox 783 2433 899 2515; x_wconf 89' lang='lat' dir='ltr'><strong>quibus</strong></span> <span class='ocrx_word' id='word_1_120' title='bbox 924 2435 1048 2498; x_wconf 77' lang='lat' dir='ltr'><strong>nitatur</strong></span> <span class='ocrx_word' id='word_1_121' title='bbox 1073 2435 1180 2517; x_wconf 90' lang='lat' dir='ltr'><strong>opinio</strong></span> <span class='ocrx_word' id='word_1_122' title='bbox 1204 2435 1324 2507; x_wconf 79' lang='lat' dir='ltr'><strong>illc.—</strong></span> 
     </span>
    </p>

    <p class='ocr_par' dir='ltr' id='par_1_5' title="bbox 347 2539 1325 2625">
     <span class='ocr_line' id='line_1_19' title="bbox 347 2539 1325 2625; baseline 0.002 -20"><span class='ocrx_word' id='word_1_123' title='bbox 347 2542 388 2605; x_wconf 95' lang='lat' dir='ltr'><strong>In</strong></span> <span class='ocrx_word' id='word_1_124' title='bbox 411 2540 555 2604; x_wconf 90' lang='lat' dir='ltr'><strong>homines</strong></span> <span class='ocrx_word' id='word_1_125' title='bbox 581 2539 738 2606; x_wconf 88' lang='lat' dir='ltr'><strong>adductos</strong></span> <span class='ocrx_word' id='word_1_126' title='bbox 771 2541 804 2604; x_wconf 93' lang='lat' dir='ltr'><strong>in</strong></span> <span class='ocrx_word' id='word_1_127' title='bbox 829 2563 968 2606; x_wconf 86' lang='lat' dir='ltr'><strong>summas</strong></span> <span class='ocrx_word' id='word_1_128' title='bbox 994 2543 1160 2624; x_wconf 84' lang='lat' dir='ltr'><strong>angustias</strong></span> <span class='ocrx_word' id='word_1_129' title='bbox 1186 2542 1325 2625; x_wconf 85' lang='lat' dir='ltr'><strong>quadrat</strong></span> 
     </span>
    </p>
   </div>
   <div class='ocr_carea' id='block_1_3' title="bbox 259 2647 1278 2843">
    <p class='ocr_par' dir='ltr' id='par_1_6' title="bbox 259 2647 1278 2843">
     <span class='ocr_line' id='line_1_20' title="bbox 259 2647 617 2730; baseline -0.003 -18"><span class='ocrx_word' id='word_1_130' title='bbox 259 2647 379 2719; x_wconf 79' lang='lat' dir='ltr'><strong>Aescb,</strong></span> <span class='ocrx_word' id='word_1_131' title='bbox 404 2647 479 2730; x_wconf 84' lang='lat' dir='ltr'><strong>frgt.</strong></span> <span class='ocrx_word' id='word_1_132' title='bbox 507 2652 590 2718; x_wconf 79' lang='lat'>246:</span> <span class='ocrx_word' id='word_1_133' title='bbox 615 2719 617 2726; x_wconf 18' lang='grc' dir='ltr'><strong><em>Α</em></strong></span> 
     </span>
     <span class='ocr_line' id='line_1_21' title="bbox 304 2752 1278 2843; baseline 0.002 -19"><span class='ocrx_word' id='word_1_134' title='bbox 304 2757 393 2826; x_wconf 68' lang='grc' dir='ltr'><strong>ἔνθ’</strong></span> <span class='ocrx_word' id='word_1_135' title='bbox 419 2753 523 2826; x_wconf 72' lang='lat' dir='ltr'><strong>odos</strong></span> <span class='ocrx_word' id='word_1_136' title='bbox 545 2762 725 2843; x_wconf 88' lang='grc' dir='ltr'><em>μίμνειν</em></span> <span class='ocrx_word' id='word_1_137' title='bbox 743 2752 911 2842; x_wconf 75' lang='grc' dir='ltr'><strong>1ἄνεμος</strong></span> <span class='ocrx_word' id='word_1_138' title='bbox 940 2753 1043 2824; x_wconf 77' lang='grc' dir='ltr'><em>οὔτε</em></span> <span class='ocrx_word' id='word_1_139' title='bbox 1067 2765 1197 2831; x_wconf 77' lang='grc' dir='ltr'><em>πλεῖν</em></span> <span class='ocrx_word' id='word_1_140' title='bbox 1222 2759 1278 2843; x_wconf 71' lang='grc' dir='ltr'><strong>ἐᾷ,</strong></span> 
     </span>
    </p>
   </div>
   <div class='ocr_carea' id='block_1_4' title="bbox 164 2861 1398 2948">
    <p class='ocr_par' dir='ltr' id='par_1_7' title="bbox 164 2861 1398 2948">
     <span class='ocr_line' id='line_1_22' title="bbox 164 2861 1398 2948; baseline -0.001 -19"><span class='ocrx_word' id='word_1_141' title='bbox 164 2903 165 2906; x_wconf 61' lang='lat'><em>=</em></span> <span class='ocrx_word' id='word_1_142' title='bbox 260 2865 347 2947; x_wconf 88' lang='lat' dir='ltr'><strong>quod</strong></span> <span class='ocrx_word' id='word_1_143' title='bbox 370 2871 561 2948; x_wconf 87' lang='lat' dir='ltr'><strong>receperunt</strong></span> <span class='ocrx_word' id='word_1_144' title='bbox 584 2864 679 2945; x_wconf 79' lang='lat' dir='ltr'><strong>Diog.</strong></span> <span class='ocrx_word' id='word_1_145' title='bbox 704 2864 764 2946; x_wconf 88' lang='lat' dir='ltr'><strong>IV,</strong></span> <span class='ocrx_word' id='word_1_146' title='bbox 783 2870 842 2944; x_wconf 70' lang='lat'><strong>883</strong></span> <span class='ocrx_word' id='word_1_147' title='bbox 869 2863 911 2935; x_wconf 79' lang='lat' dir='ltr'><strong>G.</strong></span> <span class='ocrx_word' id='word_1_148' title='bbox 936 2861 972 2927; x_wconf 85' lang='lat' dir='ltr'><strong>O.</strong></span> <span class='ocrx_word' id='word_1_149' title='bbox 1000 2864 1045 2945; x_wconf 85' lang='grc' dir='ltr'><strong>ΙΙ,</strong></span> <span class='ocrx_word' id='word_1_150' title='bbox 1070 2867 1133 2945; x_wconf 85' lang='grc'>47,·</span> <span class='ocrx_word' id='word_1_151' title='bbox 1157 2861 1199 2936; x_wconf 81' lang='lat' dir='ltr'><strong>G.</strong></span> <span class='ocrx_word' id='word_1_152' title='bbox 1225 2864 1261 2936; x_wconf 80' lang='lat' dir='ltr'><strong>O,</strong></span> <span class='ocrx_word' id='word_1_153' title='bbox 1285 2864 1324 2936; x_wconf 70' lang='lat'><strong>11,</strong></span> <span class='ocrx_word' id='word_1_154' title='bbox 1392 2880 1398 2890; x_wconf 86' lang='lat'><em>·</em></span> 
     </span>
    </p>
   </div>
   <div class='ocr_carea' id='block_1_5' title="bbox 258 2969 1326 3700">
    <p class='ocr_par' dir='ltr' id='par_1_8' title="bbox 258 2969 1326 3486">
     <span class='ocr_line' id='line_1_23' title="bbox 258 2969 1324 3056; baseline 0 -22"><span class='ocrx_word' id='word_1_155' title='bbox 258 2971 306 3052; x_wconf 87' lang='grc' dir='ltr'><strong>ΙΙ,</strong></span> <span class='ocrx_word' id='word_1_156' title='bbox 334 2977 393 3052; x_wconf 86' lang='grc'><strong>13;</strong></span> <span class='ocrx_word' id='word_1_157' title='bbox 420 2969 459 3041; x_wconf 84' lang='lat' dir='ltr'><strong>G.</strong></span> <span class='ocrx_word' id='word_1_158' title='bbox 485 2971 520 3042; x_wconf 83' lang='lat' dir='ltr'><strong>O,</strong></span> <span class='ocrx_word' id='word_1_159' title='bbox 542 2971 589 3041; x_wconf 89' lang='grc' dir='ltr'><strong>Μ.</strong></span> <span class='ocrx_word' id='word_1_160' title='bbox 613 2971 679 3052; x_wconf 86' lang='grc' dir='ltr'><strong>ΙΙΙ,</strong></span> <span class='ocrx_word' id='word_1_161' title='bbox 706 2974 766 3051; x_wconf 79' lang='grc'><strong>20;</strong></span> <span class='ocrx_word' id='word_1_162' title='bbox 791 2972 909 3055; x_wconf 83' lang='lat' dir='ltr'><strong>Apost,</strong></span> <span class='ocrx_word' id='word_1_163' title='bbox 935 2970 1016 3051; x_wconf 82' lang='lat' dir='ltr'><strong>VH,</strong></span> <span class='ocrx_word' id='word_1_164' title='bbox 1043 2973 1084 3036; x_wconf 78' lang='lat'><strong>22</strong></span> <span class='ocrx_word' id='word_1_165' title='bbox 1109 2972 1324 3056; x_wconf 81' lang='lat' dir='ltr'><strong>explicantes:</strong></span> 
     </span>
     <span class='ocr_line' id='line_1_24' title="bbox 260 3078 1322 3168; baseline -0.002 -22"><span class='ocrx_word' id='word_1_166' title='bbox 260 3081 321 3147; x_wconf 78' lang='grc' dir='ltr'><strong>ἐπὶ.</strong></span> <span class='ocrx_word' id='word_1_167' title='bbox 337 3087 406 3149; x_wconf 79' lang='grc' dir='ltr'><strong>τῶν</strong></span> <span class='ocrx_word' id='word_1_168' title='bbox 431 3079 643 3166; x_wconf 73' lang='grc' dir='ltr'><em>δοσχρὴστοις</em></span> <span class='ocrx_word' id='word_1_169' title='bbox 666 3080 925 3168; x_wconf 71' lang='grc' dir='ltr'><em>περιπεσόντων,</em></span> <span class='ocrx_word' id='word_1_170' title='bbox 981 3078 1124 3143; x_wconf 88' lang='lat' dir='ltr'><strong>Utuntur</strong></span> <span class='ocrx_word' id='word_1_171' title='bbox 1147 3079 1208 3144; x_wconf 92' lang='lat' dir='ltr'><strong>hoc</strong></span> <span class='ocrx_word' id='word_1_172' title='bbox 1232 3101 1322 3144; x_wconf 89' lang='lat' dir='ltr'><strong>verso</strong></span> 
     </span>
     <span class='ocr_line' id='line_1_25' title="bbox 259 3185 1323 3274; baseline 0.002 -26"><span class='ocrx_word' id='word_1_173' title='bbox 259 3185 424 3254; x_wconf 78' lang='lat' dir='ltr'><strong>Plutarch.</strong></span> <span class='ocrx_word' id='word_1_174' title='bbox 460 3185 500 3250; x_wconf 93' lang='lat' dir='ltr'><strong>de</strong></span> <span class='ocrx_word' id='word_1_175' title='bbox 532 3191 658 3268; x_wconf 85' lang='lat' dir='ltr'><strong>tranqu.</strong></span> <span class='ocrx_word' id='word_1_176' title='bbox 692 3208 743 3250; x_wconf 86' lang='lat' dir='ltr'><strong>an.</strong></span> <span class='ocrx_word' id='word_1_177' title='bbox 778 3208 801 3256; x_wconf 90' lang='grc' dir='ltr'><strong>ο,</strong></span> <span class='ocrx_word' id='word_1_178' title='bbox 838 3191 888 3266; x_wconf 85' lang='grc'><strong>18,</strong></span> <span class='ocrx_word' id='word_1_179' title='bbox 920 3210 952 3270; x_wconf 89' lang='lat' dir='ltr'><strong>p.</strong></span> <span class='ocrx_word' id='word_1_180' title='bbox 986 3188 1051 3251; x_wconf 77' lang='lat'><strong>476</strong></span> <span class='ocrx_word' id='word_1_181' title='bbox 1076 3185 1125 3274; x_wconf 81' lang='lat' dir='ltr'><strong>B;</strong></span> <span class='ocrx_word' id='word_1_182' title='bbox 1159 3186 1323 3258; x_wconf 81' lang='lat' dir='ltr'><strong>Aristaeo,</strong></span> 
     </span>
     <span class='ocr_line' id='line_1_26' title="bbox 259 3291 1325 3378; baseline 0.003 -22"><span class='ocrx_word' id='word_1_183' title='bbox 259 3291 287 3372; x_wconf 82' lang='lat' dir='ltr'><strong>I,</strong></span> <span class='ocrx_word' id='word_1_184' title='bbox 314 3297 366 3375; x_wconf 78' lang='lat'><strong>27,</strong></span> <span class='ocrx_word' id='word_1_185' title='bbox 390 3317 420 3377; x_wconf 89' lang='lat' dir='ltr'><strong>p.</strong></span> <span class='ocrx_word' id='word_1_186' title='bbox 448 3297 520 3363; x_wconf 78' lang='grc'><strong>121.</strong></span> <span class='ocrx_word' id='word_1_187' title='bbox 571 3293 771 3378; x_wconf 82' lang='lat' dir='ltr'><strong>Notandum,</strong></span> <span class='ocrx_word' id='word_1_188' title='bbox 796 3295 893 3378; x_wconf 81' lang='lat' dir='ltr'><strong>Diog,</strong></span> <span class='ocrx_word' id='word_1_189' title='bbox 918 3302 951 3359; x_wconf 89' lang='lat' dir='ltr'><strong>ct</strong></span> <span class='ocrx_word' id='word_1_190' title='bbox 974 3292 1108 3360; x_wconf 84' lang='lat' dir='ltr'><strong>Suidam</strong></span> <span class='ocrx_word' id='word_1_191' title='bbox 1132 3316 1156 3366; x_wconf 81' lang='lat' dir='ltr'><strong>s,</strong></span> <span class='ocrx_word' id='word_1_192' title='bbox 1181 3316 1209 3361; x_wconf 87' lang='lat' dir='ltr'><strong>v.</strong></span> <span class='ocrx_word' id='word_1_193' title='bbox 1234 3316 1325 3378; x_wconf 90' lang='lat' dir='ltr'><strong>prae·</strong></span> 
     </span>
     <span class='ocr_line' id='line_1_27' title="bbox 259 3399 1326 3486; baseline 0.008 -23"><span class='ocrx_word' id='word_1_194' title='bbox 259 3399 335 3464; x_wconf 88' lang='lat' dir='ltr'><strong>bere</strong></span> <span class='ocrx_word' id='word_1_195' title='bbox 359 3402 480 3464; x_wconf 85' lang='lat' dir='ltr'><strong>variam</strong></span> <span class='ocrx_word' id='word_1_196' title='bbox 506 3400 692 3472; x_wconf 86' lang='lat' dir='ltr'><strong>lectionem:</strong></span> <span class='ocrx_word' id='word_1_197' title='bbox 718 3399 793 3471; x_wconf 73' lang='lat' dir='ltr'><strong>oiin’</strong></span> <span class='ocrx_word' id='word_1_198' title='bbox 818 3405 952 3473; x_wconf 78' lang='grc' dir='ltr'><em>ἐκπλεῖν</em></span> <span class='ocrx_word' id='word_1_199' title='bbox 976 3424 1034 3486; x_wconf 88' lang='lat' dir='ltr'><strong>pro</strong></span> <span class='ocrx_word' id='word_1_200' title='bbox 1060 3399 1138 3470; x_wconf 76' lang='lat' dir='ltr'><strong>orire</strong></span> <span class='ocrx_word' id='word_1_201' title='bbox 1162 3411 1264 3473; x_wconf 79' lang='grc' dir='ltr'><em>πλεῖν.</em></span> <span class='ocrx_word' id='word_1_202' title='bbox 1282 3440 1326 3450; x_wconf 91' lang='grc'>-</span> 
     </span>
    </p>

    <p class='ocr_par' dir='ltr' id='par_1_9' title="bbox 260 3507 1325 3700">
     <span class='ocr_line' id='line_1_28' title="bbox 348 3507 1324 3593; baseline 0.006 -23"><span class='ocrx_word' id='word_1_203' title='bbox 348 3507 498 3590; x_wconf 88' lang='lat' dir='ltr'><strong>Denique</strong></span> <span class='ocrx_word' id='word_1_204' title='bbox 521 3509 699 3592; x_wconf 86' lang='lat' dir='ltr'><strong>proverbiis</strong></span> <span class='ocrx_word' id='word_1_205' title='bbox 724 3531 743 3574; x_wconf 89' lang='lat' dir='ltr'><strong>a</strong></span> <span class='ocrx_word' id='word_1_206' title='bbox 766 3510 949 3593; x_wconf 83' lang='lat' dir='ltr'><strong>navigando</strong></span> <span class='ocrx_word' id='word_1_207' title='bbox 974 3511 1083 3593; x_wconf 88' lang='lat' dir='ltr'><strong>potitis</strong></span> <span class='ocrx_word' id='word_1_208' title='bbox 1108 3509 1213 3573; x_wconf 88' lang='lat' dir='ltr'><strong>adicio</strong></span> <span class='ocrx_word' id='word_1_209' title='bbox 1238 3511 1324 3576; x_wconf 91' lang='lat' dir='ltr'><strong>locu·</strong></span> 
     </span>
     <span class='ocr_line' id='line_1_29' title="bbox 260 3616 1325 3700; baseline 0.002 -20"><span class='ocrx_word' id='word_1_210' title='bbox 260 3617 381 3680; x_wconf 92' lang='lat' dir='ltr'><strong>tionem</strong></span> <span class='ocrx_word' id='word_1_211' title='bbox 406 3637 471 3680; x_wconf 92' lang='lat' dir='ltr'><strong>non</strong></span> <span class='ocrx_word' id='word_1_212' title='bbox 495 3618 744 3700; x_wconf 84' lang='lat' dir='ltr'><strong>enavigatione</strong></span> <span class='ocrx_word' id='word_1_213' title='bbox 778 3619 848 3683; x_wconf 89' lang='lat' dir='ltr'><strong>sola</strong></span> <span class='ocrx_word' id='word_1_214' title='bbox 872 3617 929 3682; x_wconf 89' lang='lat' dir='ltr'><strong>sed</strong></span> <span class='ocrx_word' id='word_1_215' title='bbox 956 3618 997 3682; x_wconf 86' lang='lat' dir='ltr'><strong>ab</strong></span> <span class='ocrx_word' id='word_1_216' title='bbox 1021 3616 1170 3681; x_wconf 89' lang='lat' dir='ltr'><strong>universa</strong></span> <span class='ocrx_word' id='word_1_217' title='bbox 1193 3625 1325 3682; x_wconf 85' lang='lat' dir='ltr'><strong>vectura</strong></span> 
     </span>
    </p>
   </div>
   <div class='ocr_carea' id='block_1_6' title="bbox 160 3724 1135 3806">
    <p class='ocr_par' dir='ltr' id='par_1_10' title="bbox 160 3724 1135 3806">
     <span class='ocr_line' id='line_1_30' title="bbox 160 3724 1135 3806; baseline 0.006 -18"><span class='ocrx_word' id='word_1_218' title='bbox 160 3791 162 3794; x_wconf 68' lang='grc'>,</span> <span class='ocrx_word' id='word_1_219' title='bbox 260 3731 432 3806; x_wconf 79' lang='lat' dir='ltr'><strong>sumptam,</strong></span> <span class='ocrx_word' id='word_1_220' title='bbox 459 3745 555 3806; x_wconf 90' lang='lat' dir='ltr'><strong>quam</strong></span> <span class='ocrx_word' id='word_1_221' title='bbox 580 3726 756 3806; x_wconf 89' lang='lat' dir='ltr'><strong>reperimus</strong></span> <span class='ocrx_word' id='word_1_222' title='bbox 781 3727 814 3789; x_wconf 93' lang='lat' dir='ltr'><strong>in</strong></span> <span class='ocrx_word' id='word_1_223' title='bbox 839 3728 915 3796; x_wconf 79' lang='lat' dir='ltr'><strong>Eur,</strong></span> <span class='ocrx_word' id='word_1_224' title='bbox 941 3724 1048 3796; x_wconf 75' lang='lat' dir='ltr'><strong>Orest</strong></span> <span class='ocrx_word' id='word_1_225' title='bbox 1075 3730 1135 3794; x_wconf 83' lang='lat'><strong>68:</strong></span> 
     </span>
    </p>
   </div>
   <div class='ocr_carea' id='block_1_7' title="bbox 260 3829 1324 4254">
    <p class='ocr_par' dir='ltr' id='par_1_11' title="bbox 260 3829 1324 4254">
     <span class='ocr_line' id='line_1_31' title="bbox 421 3829 1180 3920; baseline 0.005 -22"><span class='ocrx_word' id='word_1_226' title='bbox 421 3830 481 3898; x_wconf 79' lang='grc' dir='ltr'><strong>ἐπ’</strong></span> <span class='ocrx_word' id='word_1_227' title='bbox 507 3829 733 3908; x_wconf 69' lang='grc' dir='ltr'><em>ἀσθενοῦς</em></span> <span class='ocrx_word' id='word_1_228' title='bbox 756 3831 766 3918; x_wconf 71' lang='lat' dir='ltr'><em>l</em></span> <span class='ocrx_word' id='word_1_229' title='bbox 791 3829 936 3920; x_wconf 73' lang='grc' dir='ltr'><em>ῥώμης</em></span> <span class='ocrx_word' id='word_1_230' title='bbox 960 3830 1180 3919; x_wconf 67' lang='grc' dir='ltr'><em>ὀχούμεθ’,</em></span> 
     </span>
     <span class='ocr_line' id='line_1_32' title="bbox 261 3936 1324 4024; baseline 0.005 -23"><span class='ocrx_word' id='word_1_231' title='bbox 261 3936 328 4024; x_wconf 92' lang='lat' dir='ltr'><strong>(ubi</strong></span> <span class='ocrx_word' id='word_1_232' title='bbox 353 3937 387 4002; x_wconf 87' lang='grc' dir='ltr'><strong>Ν</strong></span> <span class='ocrx_word' id='word_1_233' title='bbox 389 3938 521 4004; x_wconf 87' lang='lat' dir='ltr'><strong>auckius</strong></span> <span class='ocrx_word' id='word_1_234' title='bbox 545 3938 768 4004; x_wconf 84' lang='lat' dir='ltr'><strong>resistentibus</strong></span> <span class='ocrx_word' id='word_1_235' title='bbox 802 3938 891 4004; x_wconf 91' lang='lat' dir='ltr'><strong>libris</strong></span> <span class='ocrx_word' id='word_1_236' title='bbox 916 3947 948 4004; x_wconf 89' lang='lat' dir='ltr'><strong>et</strong></span> <span class='ocrx_word' id='word_1_237' title='bbox 972 3939 1115 4022; x_wconf 87' lang='lat' dir='ltr'><strong>plurimis</strong></span> <span class='ocrx_word' id='word_1_238' title='bbox 1144 3940 1324 4006; x_wconf 87' lang='lat' dir='ltr'><strong>editoribus</strong></span> 
     </span>
     <span class='ocr_line' id='line_1_33' title="bbox 260 4042 1324 4134; baseline 0.001 -23"><span class='ocrx_word' id='word_1_239' title='bbox 260 4045 396 4111; x_wconf 90' lang='lat' dir='ltr'><strong>coniecit</strong></span> <span class='ocrx_word' id='word_1_240' title='bbox 420 4043 524 4133; x_wconf 72' lang='grc' dir='ltr'><em>ῥοπῆς</em></span> <span class='ocrx_word' id='word_1_241' title='bbox 545 4067 604 4130; x_wconf 92' lang='lat' dir='ltr'><strong>pro</strong></span> <span class='ocrx_word' id='word_1_242' title='bbox 629 4042 761 4134; x_wconf 72' lang='grc' dir='ltr'><em>ῥώμης).</em></span> <span class='ocrx_word' id='word_1_243' title='bbox 808 4045 951 4111; x_wconf 83' lang='lat' dir='ltr'><strong>Mutavit</strong></span> <span class='ocrx_word' id='word_1_244' title='bbox 967 4047 1119 4130; x_wconf 83' lang='lat' dir='ltr'><strong>tragicus,</strong></span> <span class='ocrx_word' id='word_1_245' title='bbox 1143 4055 1180 4114; x_wconf 90' lang='lat' dir='ltr'><strong>ut</strong></span> <span class='ocrx_word' id='word_1_246' title='bbox 1196 4050 1324 4130; x_wconf 87' lang='lat' dir='ltr'><strong>saepius</strong></span> 
     </span>
     <span class='ocr_line' id='line_1_34' title="bbox 276 4153 1323 4254; baseline -0.001 -32"><span class='ocrx_word' id='word_1_247' title='bbox 276 4154 351 4236; x_wconf 87' lang='lat' dir='ltr'><strong>olet,</strong></span> <span class='ocrx_word' id='word_1_248' title='bbox 399 4153 577 4249; x_wconf 80' lang='lat' dir='ltr'><strong>elegantem</strong></span> <span class='ocrx_word' id='word_1_249' title='bbox 624 4161 657 4219; x_wconf 91' lang='lat' dir='ltr'><strong>et</strong></span> <span class='ocrx_word' id='word_1_250' title='bbox 702 4154 795 4220; x_wconf 89' lang='lat' dir='ltr'><strong>valde</strong></span> <span class='ocrx_word' id='word_1_251' title='bbox 841 4154 1036 4234; x_wconf 85' lang='lat' dir='ltr'><strong>celebratam</strong></span> <span class='ocrx_word' id='word_1_252' title='bbox 1081 4156 1214 4254; x_wconf 82' lang='lat' dir='ltr'><strong>phrasin</strong></span> <span class='ocrx_word' id='word_1_253' title='bbox 1262 4159 1323 4240; x_wconf 71' lang='grc' dir='ltr'><strong>ἐπ’</strong></span> 
     </span>
    </p>
   </div>
   <div class='ocr_carea' id='block_1_8' title="bbox 0 0 1564 4996">
    <p class='ocr_par' dir='ltr' id='par_1_12' title="bbox 0 0 1564 4996">
     <span class='ocr_line' id='line_1_35' title="bbox 0 0 1564 4996; baseline 0 0"><span class='ocrx_word' id='word_1_254' title='bbox 0 0 1564 4996; x_wconf 95' lang='lat' dir='ltr'><strong> </strong></span> 
     </span>
    </p>
   </div>
  </div>
 </body>
</html>
