3116 4996
664 508 794 572 ..86
844 543 880 552 -.

241 699 292 771 ΕΙὁ
312 703 391 770 523:
414 708 544 776 κακῶς
568 705 611 768 όί
635 721 674 768 σε
695 697 708 783 l
732 705 827 787 λέγω
852 709 986 772 κακῶς
1009 701 1182 770 κλύουσα
1206 700 1305 788 πρὸς

227 807 233 814 ’
638 799 641 804 ’
665 812 783 877 σέθεν
807 807 929 894 θαμά,

241 911 314 982 coll}
338 913 431 978 Aiac.
461 918 557 998 1085,
585 919 685 994 13233

239 1019 319 1092 Eur.
343 1019 416 1088 Alo.
444 1025 524 1092 704:
594 1025 629 1090 εἰ
651 1023 679 1090 δ’
704 1017 800 1106 ἡμᾶς
823 1028 952 1097 κακοῖς
995 1039 1001 1050 ‘

233 1209 238 1220 ἱ
286 1185 288 1192 s
376 1131 492 1216 ἐρεῖς,
517 1123 676 1198 ἀκοόσει
699 1127 804 1198 πολλὰ
827 1125 889 1196 κοί
913 1133 1021 1214 osiidii
1043 1127 1135 1210 κακά,

238 1233 336 1300 Herc.
354 1235 414 1299 fur.
437 1238 535 1304 1244:
552 1239 620 1321 ἴσχε
643 1229 746 1320 στόμ’,
771 1231 816 1310 τός
839 1231 882 1320 μή
905 1238 949 1321 με’
955 1259 998 1320 γα
1019 1223 1060 1301 tl
1065 1259 1144 1319 γων
1167 1244 1302 1320 μεῖζον

844 1339 982 1426 πάθῃς

238 1445 369 1512 Horacl.
398 1452 500 1514 1014:
526 1445 579 1536 ἅμ’
605 1447 720 1524 εἶπας
743 1443 1003 1534 ἀντήκουσας,

238 1547 310 1626 coll
336 1553 496 1626 Androm.
522 1557 596 1634 740,
621 1552 748 1625 Hecub.
777 1555 870 1634 1250,
896 1551 970 1633 frgt.
997 1555 1070 1616 882.

238 1661 335 1726 Iuvat
362 1683 554 1747 apponere:
594 1659 723 1732 Terent.
764 1659 869 1746 Andr.
910 1662 994 1729 920:
1033 1660 1060 1722 si
1090 1657 1172 1731 mibi¹
1198 1659 1304 1742 pergit

238 1789 323 1850 qnae
346 1769 413 1833 volt
436 1769 551 1849 dicere,
577 1790 615 1834 ea
640 1791 725 1854 quae
740 1789 804 1832 non
823 1769 895 1831 ¹volt
912 1765 1031 1847 audiet,
1056 1765 1163 1837 Plaut.
1184 1765 1301 1837 Pseud,

241 1859 594 1954 11732'contumeliam
619 1877 645 1940 si
670 1875 758 1956 dicio,
784 1873 905 1944 audies,
930 1911 973 1920 -

250 2031 256 2049 =
327 1997 472 2074 Transeo
496 1999 538 2064 ad
562 2000 734 2084 proverbia
758 2021 796 2063 ex
819 1995 972 2062 institutis
995 1997 1166 2062 socialibus
1190 1997 1301 2080 petita.

237 2103 403 2170 Nonnulla
426 2113 504 2172 nata
528 2114 601 2171 sunt
626 2129 646 2172 a
668 2105 808 2170 ludendo
833 2105 974 2175 tesseris.
1031 2103 1148 2170 Tribus
1172 2102 1302 2169 tesseris
1323 2149 1325 2152 -

238 2211 409 2278 ludebatur
433 2220 465 2277 et
487 2214 591 2280 iactus
608 2221 658 2279 ter
684 2235 739 2278 sex
755 2220 825 2278 erat
845 2211 1057 2292 felicissimus,
1082 2213 1178 2276 trium
1197 2217 1304 2276 autem

237 2318 349 2384 inanis.
396 2319 479 2384 inde
502 2327 588 2408 τρὶς
611 2323 651 2406 ἓξ
675 2321 715 2385 de
738 2319 823 2386 felici
847 2327 960 2384 eventu
991 2319 1235 2404 proverbialiter
1260 2317 1305 2381 cli·-

134 2432 136 2442 ’
237 2425 363 2509 cebant,
396 2426 457 2491 vid.
484 2427 572 2510 App.
600 2450 689 2511 prov,
714 2428 774 2507 IV,
800 2431 852 2510 99,
890 2433 923 2492 et
945 2425 965 2514 ή
990 2432 1072 2513 τρίς
1096 2430 1134 2511 ἓξ
1158 2424 1178 2514 ἢ
1201 2442 1305 2514 τρεῖς

238 2535 367 2618 κύβοι
386 2533 537 2615 ZeaIV,
564 2539 604 2598 23
630 2541 761 2599 auctore
786 2537 840 2603 ἐπὶ
865 2542 934 2604 των
958 2531 1303 2614 ιίποκινόννενόντωα,

238 2641 309 2713 coll,
326 2641 421 2724 Diog.
447 2641 488 2724 V,
513 2645 554 2722 43
578 2641 620 2707 D,
639 2641 680 2713 V.
704 2639 751 2722 ΙΙ,
770 2643 830 2725 85;
854 2639 971 2723 Apost.
995 2639 1094 2722 VHI,
1114 2645 1174 2718 723
1198 2638 1303 2710 Mant,

240 2769 326 2832 prov.
352 2750 379 2831 1,
412 2753 470 2832 34,
496 2749 590 2820 Eust,
614 2748 652 2818 Il¹
681 2753 775 2830 1083,
802 2753 842 2811 63
862 2731 900 2832 ὀί
918 2746 980 2814 On.
1009 2751 1103 2829 1397,
1132 2753 1181 2818 15,
1229 2747 1304 2812 Huc

237 2856 399 2937 pertinent
421 2855 529 2940 lepida
556 2856 613 2920 illa
637 2854 829 2932 excubitoris
861 2855 968 2934 verba,
999 2875 1082 2936 quac
1112 2862 1187 2919 sunt
1216 2853 1304 2937 apud

238 2960 358 3034 Aesch,
380 2964 499 3066 Agam.
522 2967 579 3033 32:
608 2964 650 3053 τὰ
672 2951 846 3032 όεσποτιῦν
868 2963 927 3050 γὰρ
951 2955 986 3030 εὖ
1002 2957 1148 3031 πεσόντα
1164 2962 1304 3052 θήσομαι

279 3077 371 3157 τρὶς
394 3073 439 3155 ἓξ
461 3071 686 3159 βαλούσης
712 3076 847 3158 τήσόί
869 3097 944 3157 μοι
968 3075 1266 3156 φρυκτωρίας,

238 3177 292 3242 ubi
317 3177 415 3242 schol.
440 3200 522 3248 rec:
557 3184 712 3266 παροιμία
744 3181 797 3245 ἐπὶ
831 3185 900 3246 τῶν
932 3173 1040 3262 όκρως
1064 3173 1303 3262 εὐτυχούντων,

238 3286 308 3354 ἐπεὶ
331 3291 384 3354 καί
416 3301 485 3362 τοῖς
516 3293 690 3373 κνβαντιιῖς
723 3282 785 3352 oria
817 3286 885 3352 ἔστι
914 3289 1015 3352 πλείω
1049 3283 1181 3353 τούτων
1207 3283 1305 3352 εὐθν-

238 3399 380 3479 βολήσαι,
419 3390 581 3474 Exprimit
596 3392 694 3474 igitur
710 3391 802 3460 haec:
829 3411 899 3454 cum
925 3388 1077 3455 excubiae
1095 3412 1192 3475 quam
1215 3413 1305 3474 pros-

239 3500 378 3582 perrimo
403 3520 480 3562 usae
505 3498 569 3562 sint
592 3519 751 3580 successu,
776 3497 845 3561 fore
870 3502 906 3562 ut
928 3519 979 3561 res
1008 3497 1124 3561 heriles
1141 3497 1230 3562 bene
1255 3519 1305 3563 ca·

239 3604 327 3672 dant.
375 3603 469 3688 Quod
492 3611 599 3669 antem
615 3597 748 3687 legimus
772 3605 806 3667 in
830 3627 856 3673 v,
883 3609 923 3668 32
949 3601 986 3672 al
1002 3604 1147 3674 πεσόντα
1162 3604 1307 3692 θήσομαι

238 3712 366 3777 brevem
399 3712 519 3776 excitat
551 3697 805 3795 explicationem.
874 3710 1018 3777 Verbum
1053 3716 1188 3779 πίπτειν
1221 3710 1303 3774 enim

239 3820 369 3905 proprie
403 3825 592 3903 usurpatum
617 3818 658 3882 de
680 3840 756 3883 casu
781 3824 985 3898 tesserarum,
1019 3817 1304 3883 innumerabilibus

239 3949 341 4012 paene
363 3927 442 3991 locis
466 3925 659 3990 transfertur
676 3921 718 3988 ad
743 3933 889 3990 eventum
906 3925 1143 4007 fortunamque.
1185 3926 1303 4008 Itaque

239 4033 336 4121 πρὸς
370 4034 421 4103 ,τό
453 4041 524 4104 νῦν
562 4029 807 4102 πεπτωκότα
845 4033 909 4096 sive
942 4031 1040 4117 πρὸς
1072 4033 1116 4100 τό
1150 4048 1301 4102 πῖπτον

240 4139 399 4234 significat
433 4161 500 4223 „eu
533 4139 720 4224 condicione
734 4142 749 4176 ‘⁸
794 4138 1030 4238 adhibeturque
1068 4140 1109 4205 ab
1142 4139 1299 4241 Euripide
