3116 4996
706 397 919 457 ..22-

364 585 428 652 Sed
452 587 549 653 redeo
574 589 616 652 au
639 588 810 672 proverbia
843 588 884 653 ab
909 588 1015 654 avium
1044 595 1162 653 natura
1186 595 1273 660 neta,
1301 625 1340 636 -

188 697 190 708 '
277 692 395 759 Graeci
427 703 611 763 exterarum
644 695 787 778 gentium
818 695 975 779 linguam,
1014 715 1086 760 cum
1120 717 1187 760 non
1223 698 1342 759 scireut

274 823 378 884 neque
401 803 632 886 intellegerent,
667 813 935 886 comparaverunt
967 825 1039 870 cum
1071 804 1200 869 vocibus
1235 804 1340 868 avium

275 911 483 976 eroeientium
500 911 817 993 velfrigutieutium:
842 910 882 979 cf.
899 911 1023 982 Herod,
1042 910 1089 993 ΙΙ,
1107 914 1168 992 57;
1193 911 1247 992 lV,
1268 899 1342 980 183,1

275 1015 425 1082 Hirumlo
448 1024 554 1082 autem
579 1039 651 1082 cum
675 1039 753 1101 pree
778 1019 892 1083 ceteris
913 1018 1025 1083 avibus
1050 1025 1183 1102 propter
1206 1018 1342 1100 garruli·

274 1130 374 1188 tatem
402 1146 440 1188 ae
463 1124 692 1208 loquacitatem
717 1126 759 1190 sit
783 1126 929 1206 molesta,
962 1124 1081 1196 Aesch.
1108 1124 1226 1208 Agnm.
1255 1131 1340 1190 1050

276 1230 317 1293 de
342 1230 529 1298 Cassandra
552 1231 648 1302 dicit:
1135 1219 1138 1226 ⁴

274 1357 513 1442 χελιδόνος
537 1363 666 1444 δίκην
682 1355 814 1444 clytum
830 1358 946 1445 φοινόν
962 1358 1129 1444 βόρβορον
1146 1363 1339 1454 κεκτημένη.

364 1500 483 1565 Utrum
507 1500 549 1565 ad
572 1501 657 1566 hunc
680 1503 787 1566 locum
818 1523 858 1565 an
883 1501 926 1566 ad
959 1501 1057 1566 alium
1081 1508 1220 1584 spectet,
1256 1500 1341 1584 quod

276 1609 374 1680 schol,
393 1606 495 1672 Arist.
522 1607 585 1674 Au.
614 1614 698 1673 1680
723 1607 847 1680 scribit:
872 1614 925 1678 καὶ
944 1609 1105 1695 Αἰσχύλος
1129 1609 1168 1676 τό
1192 1613 1342 1695 διισβοοὶ-

277 1729 342 1806 ζειν
382 1722 689 1803 χελιδονίζειν
729 1722 807 1803 φησί
850 1714 938 1801 (frgt,
977 1714 1075 1799 440),
1105 1723 1213 1798 potest
1254 1715 1343 1778 dubi-

275 1827 349 1897 tari,
404 1823 557 1889 Similiter
589 1823 629 1888 ab
654 1823 822 1907 Aristoph.
847 1825 931 1890 Rau.
961 1827 1025 1889 678
1052 1821 1229 1908 Cleophnn,
1255 1824 1343 1887 cuius

276 1933 445 1998 dictionem
472 1932 674 2016 peregrinam
692 1934 831 1996 comicus
849 1931 1044 2014 perstringit,
1070 1937 1203 1994 vocatur
1222 1935 1344 2016 Θρῃκία

275 2041 424 2127 χελιδών.
486 2038 599 2122 Atque
634 2038 817 2122 Hesychius
862 2039 1094 2121 interpretatur
1136 2059 1160 2108 s.
1192 2033 1344 2124 χελιδόσι·

231 2210 234 2218 .
276 2145 356 2224 νοός
379 2144 563 2234 paulluum-‚¹
587 2147 748 2232 χελιδόσιν
773 2144 984 2231 ἀπεικάζουσι
1011 2145 1063 2214 διὰ
1081 2141 1141 2232 τὴν
1157 2142 1344 2214 ἀσύνδετον

276 2261 394 2324 papst-w,
443 2253 693 2318 Proverbialiter
726 2260 834 2318 autem
868 2253 1035 2317 dicebatur
1068 2257 1148 2316 teste
1182 2249 1270 2338 illac,
1302 2251 1343 2330 V,

276 2366 337 2432 49:
362 2367 548 2449 λιιλίστεοος
571 2361 747 2446 χελιδόνος,
782 2381 845 2442 quo
878 2359 918 2424 de
950 2358 1121 2444 proverbio
1149 2356 1344 2422 Leutschius

196 2457 200 2472 ¹
278 2471 311 2534 in
335 2468 446 2534 adnot.
473 2465 568 2533 do'cte
592 2469 751 2539 dissemir.

364 2613 524 2696 Exempla
547 2633 631 2698 quae
648 2613 740 2676 attuli
767 2612 864 2696 cauis,
888 2613 1001 2695 vulpiS,
1020 2612 1199 2676 hirundinis
1217 2611 1351 2690 docent,

276 2723 417 2804 tragicos
442 2721 627 2786 animalium
662 2728 812 2785 naturam
837 2726 1020 2803 spectantes
1053 2720 1190 2784 libenter
1214 2721 1345 2784 nomina

277 2851 387 2894 eorum
419 2828 622 2894 transtulisse
654 2827 697 2891 ad
728 2826 872 2892 homines
907 2827 1061 2893 similibus
1094 2827 1265 2891 virtutihus
1296 2824 1345 2890 vel

277 2937 359 3000 vitiis
384 2934 559 3020 praeditos,
584 2943 681 3018 atque
704 2935 860 3018 imprimis
885 2934 1015 3017 quidem
1038 2935 1109 3000 loco
1134 2956 1247 2999 vocum
1272 2955 1345 2998 con·

277 3043 529 3113 tumeliosarum.
591 3042 666 3114 Vid,
691 3041 814 3108 Bauck.
839 3065 870 3125 p,
897 3050 925 3112 7.
987 3041 1103 3125 Neque
1138 3065 1176 3107 ex
1207 3064 1243 3107 re
1267 3041 1344 3106 mihi

278 3150 403 3215 videtur
427 3150 555 3216 brevem
580 3158 787 3235 conspectum
821 3170 1011 3232 componere
1036 3172 1146 3215 eorum
1171 3151 1344 3232 nominum,

278 3277 361 3340 quae
385 3257 427 3321 ad
450 3256 614 3322 hominum
639 3279 744 3322 mores
768 3255 995 3338 significandos
1019 3264 1258 3340 usurpaverunt
1281 3265 1346 3321 tra-

278 3365 338 3446 gici
352 3365 543 3447 -exceptis
561 3386 638 3430 sane
656 3365 951 3450 comparationibus
968 3364 1302 3446 similitudinibusque,
1314 3362 1345 3449 ³¹³)

350 3613 375 3684 *)
393 3601 431 3669 ¹de
450 3615 502 3668 hac
516 3632 546 3668 re
565 3615 629 3681 vid,
650 3615 673 3668 si
686 3613 790 3684 placet:
811 3615 927 3683 Hoppe:
950 3615 1000 3682 „de
1014 3619 1167 3682 comparet.
1181 3619 1210 3667 et
1224 3615 1345 3684 metaph.

278 3723 322 3773 ap.
342 3709 433 3774 tragg.
453 3721 545 3773 graec.
565 3704 644 3758 usn.“
694 3703 792 3774 Prngr.
812 3703 914 3772 Gymn.
941 3720 983 3772 gr.
1003 3702 1097 3756 Klost.
1146 3703 1345 3770 Berol.1859;

279 3795 387 3850 Obnen:
418 3794 469 3862 „de
489 3797 641 3862 comparat.
662 3797 691 3847 et
709 3794 832 3862 metaph.
861 3811 903 3860 ap.
925 3794 1026 3848 atticos
1051 3795 1203 3862 prasertim
1222 3799 1344 3863 poetas.“

278 3883 352 3938 Dies.
372 3883 447 3938 Trai.
467 3884 502 3937 ad
521 3883 612 3938 Rhen.
632 3883 716 3938 1875:
745 3901 864 3951 quorum
883 3883 928 3936 hic
952 3883 986 3937 de
1007 3883 1104 3935 bestiis
1127 3884 1157 3936 in
1176 3885 1346 3951 universum,

278 3972 326 4027 ille
345 3975 379 4029 de
399 3973 498 4027 avibus
524 3973 686 4041 disputavit.
736 3971 900 4026 Rbdstrbm:
929 3971 982 4040 „de
1010 3973 1112 4040 imagg.
1141 3971 1302 4042 Sophocleis
1331 3991 1347 4031 a

278 4079 372 4123 rerum
391 4067 492 4122 natura
511 4061 656 4142 sumptis.“
694 4059 767 4126 Diss,
787 4061 919 4125 Holmiae
937 4060 1012 4126 1875.
