3116 4996
705 513 919 574 ..68-

273 703 370 785 Ding.
396 703 437 784 V,
464 707 505 768 29
532 702 639 788 (codd.
663 706 770 776 Vatic.
796 713 827 770 et
847 705 1013 792 Ba1·0cc):
1039 705 1134 795 ἱερὰ
1163 704 1339 796 ἄγκυρα

234 837 238 845 ·
269 815 323 880 ἐπὶ
358 819 426 880 τῶν
458 812 648 897 μελλόντων
687 821 870 882 τελευταῖον
914 817 1017 883 εἰπεῖν
1048 816 1237 904 ἐπιχείρημα
1269 825 1339 888 τῶν

269 914 410 988 πάντων
441 924 612 1005 μέγιστον,
652 917 719 988 ἀπὸ
753 929 810 1008 της
842 924 878 990 ἕν
911 929 953 1008 τῇ
991 926 1047 1010 νηλΙ
1077 921 1219 1012 τέγκύρας
1251 925 1339 1010 ἱερᾶς

270 1029 481 1112 καλουμένης,
507 1021 580 1112 ἤτοι
603 1032 761 1113 μεγίστης,
787 1025 807 1113 η’
830 1033 998 1096 τελευταία
1022 1028 1160 1099 πάντων
1184 1027 1338 1113 βάλλεται

271 1137 316 1209 εἰς
340 1132 516 1215 θάλασσαν’,
549 1141 709 1219 χειμῶνας
741 1130 845 1221 αὐτὴν
869 1135 1019 1220 ceddam>
1043 1136 1283 1223 κατειληφότος
1306 1144 1339 1202 et

269 1261 308 1306 ex
334 1236 378 1310 G.
404 1236 440 1307 O.
464 1237 512 1320 Η,
539 1244 590 1320 69,
617 1240 672 1322 qui
694 1239 780 1306 idem
804 1241 1010 1324 proverbium
1026 1241 1166 1307 breviter
1183 1243 1338 1326 explieat:

269 1345 287 1432 η
316 1343 438 1434 μεγάλη
470 1347 622 1433 βοήθειαι
656 1368 730 1411 nam
764 1370 846 1433 quae
878 1349 1163 1433 paroemicgraphi
1198 1349 1238 1414 de
1270 1351 1338 1437 ἱερὰ

269 1451 396 1540 α’γκνρα
419 1451 563 1534 tradunt,
590 1454 688 1518 etiam
712 1453 754 1519 ad
778 1454 954 1539 simplicem
971 1477 1082 1520 vocem
1106 1453 1232 1544 ἄγκυρα
1255 1457 1336 1521 ref·

268 1547 371 1625 rende
394 1580 519 1632 censeo,
567 1558 715 1644 Accedit,
741 1562 828 1645 quod
853 1564 967 1647 tragici
983 1563 1159 1630 identidem
1183 1585 1335 1630 ancoram

269 1668 308 1734 de
333 1683 422 1736 certo
445 1665 608 1752 praesidio
632 1677 776 1752 ponant:

269 1775 369 1862 Sopb
380 1777 446 1859 frgt
469 1780 551 1846 619:
576 1774 645 1845 ἄλλ’
670 1780 749 1846 εἰσιν
765 1783 862 1864 μητρὶ
879 1785 994 1854 παῖδας
1018 1777 1213 1866 ἄγκυραι
1229 1785 1299 1862 βία
1312 1807 1337 1862 n,

269 1885 343 1948 Eur.
370 1884 450 1948 Hec.
478 1888 537 1946 79:
573 1883 696 1951 σώσατε
731 1888 822 1952 παῖδ’
851 1885 939 1971 ἐμὸν,
965 1884 1002 1961 ὃς
1031 1885 1133 1972 μόνας
1158 1889 1261 1955 οἴκων

566 1986 586 2058 d
594 2018 613 2077 γ
622 2019 642 2057 κ
656 2019 673 2058 ν
685 1991 713 2077 ρ’
738 1988 758 2059 α
769 2019 792 2077 μ
802 1998 830 2058 ci
841 2017 868 2074 ν,

269 2097 343 2162 Hel.
371 2101 454 2169 277:
479 2094 649 2186 ἄγκυρα
673 2101 702 2166 δ’
721 2093 819 2184 iiam
837 2098 894 2174 τὰς
920 2098 1019 2186 τύχας
1043 2095 1120 2184 ὤχει
1143 2094 1237 2187 μόνη,
1256 2155 1261 2167 .
1277 2155 1284 2171 .
1303 2154 1336 2170 ..

484 2200 584 2281 οὗτος
608 2211 780 2294 τέθνηκεν,

269 2314 344 2394 frgt.
369 2318 453 2377 858:
478 2311 546 2380 ἀλλ’
571 2309 629 2398 η’ὀέ
652 2312 684 2399 μ’
709 2315 875 2396 ἐξέσωσεν,
898 2309 955 2401 ἥδε
980 2339 1035 2398 μαι
1060 2311 1193 2398 τροφός,

396 2420 508 2508 μητηρ,
533 2417 666 2506 ἀδελφὴ,
693 2424 803 2506 δμωὶς,
828 2416 1006 2507 ἄγκυρα,
1031 2424 1136 2507 στέγη.
1164 2457 1208 2466 ψ

319 2527 325 2534 '
357 2527 435 2591 Alia
467 2527 507 2591 ab
543 2526 728 2611 navigando
761 2526 908 2609 proiecta
940 2526 1058 2592 locutio
1084 2536 1150 2595 est:
1190 2525 1337 2594 κάλων

268 2639 454 2720 ἐξιέναι,
480 2655 577 2720 quam
604 2635 681 2698 Eur.
708 2633 829 2704 Troad
865 2638 907 2699 94
939 2635 968 2698 vi
993 2634 1125 2718 propria
1158 2635 1335 2716 usurpavit,

268 2742 377 2817 κάλως
410 2748 518 2806 autem
559 2743 580 2805 i.
623 2764 648 2806 e.
689 2740 842 2806 rudentes
883 2741 959 2804 velis
991 2741 1220 2822 immittebant,
1257 2763 1338 2825 quae

267 2835 362 2914 vento
404 2848 631 2934 panderentur,
701 2847 784 2912 Inde
834 2848 952 2914 tralata
1003 2847 1154 2913 dicebant
1191 2849 1337 2918 πάντα

268 2953 415 3026 κάλων
441 2959 612 3040 ἐξιέναι
635 2976 694 3038 pro
722 2977 852 3038 „omnes
876 2958 956 3019 vires
982 2954 1181 3027 intendere‚“
1240 2957 1337 3026 Velut

267 3063 388 3128 Medea
412 3065 558 3146 queritur
580 3063 613 3126 in
637 3062 717 3127 Eur.
742 3061 832 3136 Med,
859 3067 943 3134 276:

374 3175 448 3240 αἰαῖ·
472 3173 625 3258 πανώλης
649 3199 667 3258 η
694 3170 817 3240 τάλαιν’
842 3167 1034 3256 ἀπόλλυμαι.

375 3281 534 3366 ἐχθροὶ
558 3278 633 3365 γὰρ
657 3281 800 3361 ἐξιᾶσι
823 3273 970 3346 πάντα
994 3277 1043 3363 δη
1066 3277 1222 3362 κάλων,

375 3384 460 3454 κούκ
484 3385 570 3455 ἔστιν
594 3382 674 3473 ἄτης
698 3382 932 3472 εὐπρόσοιστσς
956 3386 1095 3467 ἔκβασις,

270 3513 323 3577 ubi
356 3519 444 3578 recte
472 3510 601 3582 scholi:
636 3511 669 3577 οἱ
700 3512 814 3596 ἐχθραὶ
848 3505 1101 3596 οὗρισδρσμοῦσι
1140 3511 1217 3579 καθ’
1246 3507 1337 3598 ἡμῶν

269 3626 322 3689 καὶ
345 3617 510 3708 ὥρμηνται
534 3614 796 3705 κάντατρόκσν
820 3618 871 3702 ἐφ’
898 3614 988 3703 ἡμᾶς.
1034 3616 1159 3682 Iterum
1183 3617 1268 3706 banc
1293 3618 1338 3682 Ιο-

271 3729 432 3792 cutionem
456 3725 588 3790 adhibet
612 3729 721 3808 poeta,
756 3723 814 3788 sed
846 3725 894 3788 ita
926 3731 963 3789 ut
996 3724 1037 3789 ad
1062 3732 1248 3792 contextum
1271 3747 1336 3791 ser·

269 3837 371 3899 monis
405 3841 518 3918 aptum
553 3831 746 3897 adiectivum
780 3838 936 3916 apponat,
972 3853 1037 3914 qua
1061 3853 1096 3896 re
1121 3832 1350 3897 audacissima·

269 3942 388 4007 evadat
409 3937 528 4023 image,
554 3940 654 4009 Herc.
677 3939 739 4011 fur,
765 3944 849 4004 837:

269 4049 515 4125 ,ταιὸακτόνονς
532 4048 543 4132 l
564 4055 696 4134 φρενῶν
715 4047 902 4135 ταραγμοὺς
920 4050 974 4113 καὶ
1000 4050 1118 4114 ποδῶν
1136 4044 1338 4132 σκιρτήματα

269 4160 391 4240 ἔλαννε,
417 4162 506 4240 κίνει,
531 4155 583 4240 (μό
594 4181 613 4225 ν
624 4182 634 4223 ι
645 4182 662 4222 c
674 4181 693 4224 ν
717 4158 734 4224 ε’
743 4165 761 4240 ξ
771 4160 783 4223 ί
793 4183 807 4223 ε·
819 4182 830 4223 ι
853 4182 873 4221 κ
885 4154 904 4220 ci
915 4162 933 4221 λ
943 4181 970 4220 ω
981 4179 1009 4221 ν.
