3116 4996
684 476 901 538 ..11..

259 668 299 740 G.
325 668 362 742 0,
387 667 457 750 HL·
489 673 551 746 463
586 667 628 740 G,
662 668 698 740 O.
723 669 769 739 M,
805 669 869 748 IV,
908 671 989 749 1003
1024 667 1101 732 Mne
1145 667 1226 750 VH,
1260 671 1323 748 443

258 776 377 862 Apost.
403 775 501 858 XIV,
522 779 584 843 100
601 782 633 841 et
657 777 796 842 occurrit
820 776 906 860 apud
930 775 1026 846 Pind
1048 775 1143 858 Pyth.
1168 776 1215 856 ΙΙ,
1244 780 1325 854 1723

259 884 336 953 Act.
361 881 501 966 apostol,
525 884 590 964 IX,
617 889 647 956 5,
693 884 804 947 Etiam
822 884 961 948 Romani
979 891 1236 967 usurpaverunt:
1262 884 1323 946 vid

260 989 389 1062 Terent,
429 988 560 1054 Phorm.
604 997 662 1062 78:
702 1011 799 1071 „nem
833 1012 915 1072 quac
950 992 1118 1072 inscitiest,
1153 991 1325 1056 advorsum

261 1099 425 1164 stimulum
448 1097 592 1185 celres“;
625 1097 731 1167 Plant,
757 1097 887 1169 Trucnl,
913 1098 973 1180 IV,
1001 1104 1030 1178 2,
1058 1103 1118 1166 55:
1145 1099 1191 1178 „si
1217 1098 1326 1186 etimn-

260 1205 307 1268 los
332 1203 446 1288 pugnis
471 1205 587 1284 caedie
612 1191 759 1271 munibus
784 1205 855 1288 plus
880 1204 999 1270 doletr‘

349 1311 400 1375 Dc
425 1311 530 1375 bove
564 1319 725 1393 sumptum
756 1312 958 1394 proverbium
984 1313 1116 1394 legimns
1150 1312 1181 1375 iu
1206 1310 1314 1387 Acsclr

259 1418 376 1500 Agunt.
402 1423 463 1482 36:
488 1421 691 1516 dorice'ul
715 1419 1035 1505 γλώσσῃμὲγας
1058 1425 1259 1506 βέβηκεν,

261 1526 350 1589 cuius
380 1526 468 1607 origo
503 1547 599 1608 quem
631 1525 769 1590 difficilis
803 1527 844 1590 sit
877 1527 1038 1609 explicatu
1071 1525 1145 1588 inde
1178 1531 1325 1607 apparet,

261 1632 348 1714 quod
380 1633 572 1716 interpretes
614 1644 735 1698 veteres
769 1634 884 1714 singuli
924 1633 1090 1715 comploro
1122 1639 1328 1698 tentaverunt

226 1815 231 1822 ,
261 1746 358 1823 etque
382 1762 484 1822 nsque
508 1739 550 1804 ad
574 1740 658 1806 hunc
678 1741 767 1805 ‘dicm
801 1742 858 1805 riri
883 1741 970 1804 docti
1004 1740 1044 1805 de
1068 1719 1237 1823 proverbio
1270 1735 1327 1799 du·

261 1847 363 1910 cende
387 1848 471 1912 inter
488 1868 522 1911 ne
539 1847 741 1912 dissentiunt.
790 1849 841 1911 Ac
867 1852 1002 1929 primum
1021 1847 1150 1929 quidem
1174 1851 1250 1910 sunt
1273 1842 1327 1925 qni

261 1937 422 2035 censeant,
446 1953 627 2040 profectum
659 1977 728 2020 csse
752 1955 955 2038 proverbium
980 1977 1000 2020 o
1024 1973 1167 2018 nummo‘
1185 1961 1326 2016 veterum

262 2061 506 2126 Atheniensium
545 2061 625 2125 bore
659 2062 791 2144 insigni,
835 2059 874 2125 de
907 2083 970 2143 qno
1003 2060 1208 2126 tradiderunt
1240 2056 1326 2127 Plut.

263 2165 356 2232 Thes,
382 2166 575 2248 25380h01.
602 2165 704 2238 Arist,
731 2167 792 2238 Ar,
819 2170 919 2246 1106;
946 2167 1221 2248 P011‚1X,o‚o1;
1248 2165 1326 2228 Zen.

264 2274 309 2354 11,
335 2279 396 2354 703
419 2276 516 2357 Diog.
533 2275 600 2354 ΙΙΙ,
625 2279 668 2344 48
686 2283 718 2338 ct
737 2280 797 2353 61;
824 2273 865 2340 G.
892 2275 927 2345 0,
953 2273 980 2353 Ι,
1007 2281 1067 2354 953
1094 2271 1135 2340 G.
1154 2273 1189 2339 0.
1208 2271 1254 2338 M.
1280 2272 1326 2350 ΙΙ,

262 2385 314 2446 49.
363 2379 567 2464 Quemquam
585 2381 762 2448 Eckhelins
779 2381 895 2468 (doctr.
913 2404 1033 2453 numm,
1060 2382 1105 2462 ΙΙ,
1124 2406 1154 2465 p.
1172 2381 1248 2465 207)
1274 2381 1328 2442 alii

265 2497 433 2570 testantur,
459 2491 615 2556 eiusmodi
639 2499 800 2554 monetam
818 2488 966 2554 Atticum
994 2511 1098 2571 neque
1122 2490 1327 2572 super·s:itror

262 2620 330 2664 esse
362 2620 464 2683 neque
491 2599 622 2662 omnino
647 2619 787 2679 unquam
822 2597 983 2661 exstitisse
1015 2597 1079 2660 veri
1116 2618 1184 2659 csse
1217 2595 1327 2674 simile,

261 2705 360 2770 nihilo
394 2704 496 2769 secius
529 2726 566 2769 ex
598 2705 659 2767 hoc
690 2705 805 2768 nnntio
837 2715 903 2768 tres
936 2703 1098 2766 tinxerunt
1132 2703 1329 2770 sentcntiae:

262 2815 366 2897 primu
390 2813 607 2894 colligentium
637 2811 748 2897 (Diog.
774 2811 841 2892 III,
869 2817 929 2890 613
963 2811 1004 2874 D.
1034 2811 1070 2874 V.
1098 2809 1144 2890 ΙΙ,
1171 2812 1208 2888 23
1244 2809 1329 2876 illuc.

262 2919 310 3002 ΙΙ,
336 2927 396 3004 883
427 2920 544 3001 Apost.
578 2919 618 2999 V,
652 2924 727 2983 2et
754 2925 792 2996 73
826 2918 920 2982 Enst.
956 2917 997 2980 nd
1030 2917 1068 2982 ΙΙ
1104 2917 1231 2996 0252,
1268 2920 1329 2993 253

264 3029 343 3094 Poll.
378 3029 397 3092 l.
425 3027 476 3111 c),
509 3034 643 3106 argento
677 3033 857 3108 corruptor,
892 3023 1034 3088 secundo
1066 3023 1159 3108 (Zeu,
1194 3023 1241 3104 ΙΙ,
1279 3029 1329 3102 70,

263 3135 415 3218 Hesych‚
441 3133 530 3203 Suid.
548 3155 572 3221 β.
590 3140 671 3215 βοῦς
695 3135 748 3200 ἐπὶ
773 3133 835 3218 γλ.)
854 3140 941 3196 metu
958 3131 1096 3196 mulctae
1113 3139 1257 3195 tacentes
1275 3132 1330 3194 lm-

263 3244 362 3308 mines
386 3239 558 3324 significari
583 3239 699 3320 adagio
724 3248 844 3302 nostro.
886 3237 1032 3321 Quorum
1049 3239 1093 3302 illi
1110 3238 1330 3322 neglexerunt,

263 3354 295 3416 in
319 3351 536 3416 excubitorem
561 3347 787 3429 Aesclrylemm
823 3349 879 3429 qni
902 3348 1064 3434 eloquitur
1095 3347 1161 3426 illa,
1194 3346 1330 3424 minime,

263 3458 466 3543 corruptelae
483 3456 697 3538 suspicionum
716 3454 843 3534 endere,
869 3455 901 3518 hi
918 3455 1069 3519 locutioni
1086 3455 1199 3518 mirum
1216 3475 1332 3535 suppo·

263 3573 344 3630 nunt
367 3565 429 3628 vim
453 3585 535 3646 «puae
561 3561 723 3644 quomodo
748 3561 865 3626 evadet
898 3561 1046 3648 equidem
1070 3560 1256 3639 intellegere
1281 3579 1332 3621 nc-

265 3694 347 3754 queo
374 3708 414 3718 -
447 3693 486 3734 ne
520 3670 623 3733 dicem
656 3668 696 3732 do
729 3669 877 3733 inaudito
911 3669 1070 3733 ndicctirn
1100 3673 1206 3753 μέγας,
1241 3667 1331 3748 qunti

264 3777 385 3841 nnrrnni
408 3777 492 3841 idem
509 3777 651 3840 valentes
669 3775 907 3856 (didrachmam)
920 3778 1004 3839 inter
1021 3797 1053 3837 sc
1072 3774 1191 3856 dispnri
1210 3774 1334 3854 possint

265 3905 335 3948 csse
373 3882 594 3966 magnitudine
668 3881 779 3946 Tertia
819 3892 925 3946 nutum
959 3883 1068 3964 opinio
1102 3881 1255 3962 cogitavit
1294 3879 1333 3943 de

266 4011 354 4056 more
371 3998 514 4056 veterum
535 4012 682 4054 nummos
706 3990 739 4054 in
757 4011 812 4054 ore
829 3989 969 4070 tenendi,
997 4010 1077 4072 qnos
1095 4011 1132 4052 ex
1151 3988 1333 4053 venditione

265 4099 416 4168 mercium
451 4120 579 4165 snorum
612 4098 820 4180 colligerent:
853 4097 917 4160 sive
952 4119 1005 4162 eon
1040 4095 1130 4176 sugit,
1166 4095 1227 4160 hoc
1263 4095 1333 4162 loro
