3116 4996
720 479 933 544 -44-

288 697 291 704 “
380 671 534 756 Adiungo
558 673 713 738 nonnullo
738 673 976 759 proverbia
1001 693 1017 737 a
1042 673 1239 739 locorum
1264 676 1363 740 situ

290 787 506 846 naturave
530 785 637 850 orta.
908 844 913 854 ,

379 887 434 952 Ab
459 886 652 971 Scytharum
677 886 903 952 solitudinibus
928 895 1033 953 ortum
1058 896 1129 952 erat
1152 889 1362 973 proverbium

290 1002 483 1064 Σκυθῶν·
513 997 684 1083 ἐρημία,
719 993 760 1058 de
783 993 856 1076 'quo
891 993 952 1058 vid.
978 993 1066 1078 App.
1092 1015 1181 1078 prov.
1207 996 1267 1076 IV,
1295 999 1359 1078 75;

290 1101 376 1170 Mac.
408 1101 495 1183 VII,
529 1105 591 1184 66;
622 1100 738 1188 Apost.
764 1102 850 1182 XV,
887 1103 946 1188 54;
970 1101 1132 1188 Hesych,;
1165 1101 1360 1184 Bauckinm,

292 1210 390 1294 quip
425 1213 468 1274 44
492 1208 524 1272 id
549 1207 644 1274 docte
666 1211 827 1274 tractavit.
876 1209 1006 1273 Alludit
1039 1207 1157 1280 Aescb,
1190 1209 1299 1274 Prom.
1325 1215 1360 1292 2,

291 1316 346 1380 ubi
370 1317 499 1404 Κριίτος
523 1323 555 1380 et
578 1321 647 1398 Βία,
672 1317 713 1381 ab
737 1317 815 1392 Iove
839 1315 881 1380 ad
908 1315 1136 1382 Prometheum
1159 1319 1191 1382 in
1208 1317 1360 1383 Caucaso

291 1423 492 1489 vinciendum
519 1423 616 1506 missi,
641 1424 686 1487 sic
709 1423 878 1506 loquentes
901 1423 1115 1495 inducuntur:

335 1530 460 1617 χθονὸς
483 1535 542 1616 μὲν
566 1533 599 1606 ἐς
623 1528 786 1617 τηλοιρὸν
809 1530 931 1618 Ιἥκομεν
954 1537 1069 1615 πίθον,

337 1637 521 1724 Σκύθην
544 1641 586 1712 ἐς
610 1637 752 1725 οἶμον,
777 1636 975 1726 (idoneor
999 1623 1062 1716 οἷς
1085 1642 1276 1726 ἐρημίαν.

293 1761 431 1846 Proprie
455 1763 552 1846 igitur
576 1762 744 1828 dicebatur
770 1762 975 1846 proverbium
999 1762 1146 1828 Macerio
1180 1763 1200 1834 l,
1226 1783 1358 1842 eauc-

292 1876 363 1933 tore
387 1871 441 1938 ἐπί
466 1876 535 1939 coir·
558 1864 688 1958 ι’ρήμιον
712 1875 765 1939 καὶ
790 1873 1036 1958 ἐξηγριιομιίἰοι·
1053 1870 1177 1954 τόπων,
1201 1870 1358 1934 tralatam

293 1983 400 2040 autem
425 1975 492 2040 eius
516 1977 578 2041 vim
595 1977 711 2042 evolvit
727 1977 867 2062 Hesycb,
893 1999 908 2041 s
942 2001 989 2048 v,:
1014 1984 1143 2046 τίθιται
1166 1984 1280 2047 τοίνυν
1303 1980 1357 2046 ἐπὶ

295 2092 362 2154 τῶν
395 2087 627 2172 ἐρημονμίνίον
660 2082 725 2153 ιῖπό
749 2112 860 2156 τινιον,
908 2083 957 2151 Of.
983 2084 1076 2149 Arist
1111 2084 1256 2155 Achorn,
1283 2087 1356 2163 704,

293 2191 427 2256 Lucian.
447 2191 560 2256 Amor.
579 2213 596 2254 c
625 2196 676 2272 36,
702 2191 787 2262 Plut,
806 2191 846 2254 de
863 2191 944 2256 stoic
961 2200 1038 2273 rep,
1056 2212 1082 2260 c.
1094 2196 1145 2272 20,
1164 2213 1194 2274 p.
1215 2194 1299 2257 1043
1317 2191 1355 2254 Ε.

381 2299 422 2364 Ια
447 2299 545 2383 Soph.
570 2299 644 2382 frgt.
672 2304 754 2362 703:
1321 2323 1329 2336 ·

412 2404 549 2484 Ἄθως
572 2403 744 2493 οκιιίζιι
769 2414 883 2475 νιῦτα
913 2413 1108 2494 Λημνίας
1131 2405 1237 2489 βοός

295 2536 354 2599 pro
394 2521 484 2585 νῶτα
523 2514 666 2578 scribunt
705 2511 790 2577 Plut.
832 2512 891 2576 fac.
931 2513 997 2584 lun,
1036 2518 1096 2593 22,
1137 2510 1248 2594 Sum,
1298 2510 1360 2576 Pa-

294 2623 465 2704 roemiogr.
505 2621 629 2708 πλιιριλ
670 2628 703 2684 et
733 2619 840 2701 suia,
880 2619 1100 2702 Paroemiogr.
1140 2618 1262 2683 babent
1301 2640 1359 2702 pro

295 2732 440 2817 οκιιίζιιῑ
466 2729 632 2808 καλύπτει,
665 2725 751 2798 Plua
778 2734 884 2792 autem
916 2729 1065 2814 καλύψει.
1126 2724 1219 2809 Quae
1251 2726 1360 2790 variae

297 2838 450 2904 lectiones
476 2860 547 2902 cum
571 2857 680 2899 versus
705 2856 830 2898 sensum
848 2858 911 2899 non
936 2842 1081 2916 tangant,
1106 2835 1139 2897 in
1162 2833 1284 2898 medias
1308 2853 1360 2897 res

296 2966 415 3015 eamus.
468 2937 520 3008 De
543 2943 632 3008 fonte
656 2941 817 3026 proverbii
839 2941 948 3024 Etym,
965 2941 1012 3012 Μ,
1037 2947 1096 3022 26,
1125 2945 1181 3024 16;
1207 2940 1286 3007 Plut
1321 2939 1360 3003 de

296 3053 358 3123 fac,
383 3054 416 3117 in
441 3052 517 3116 orbe
541 3052 605 3115 lun.
627 3054 679 3132 22,
700 3073 728 3133 ρ
750 3053 814 3116 935
834 3049 882 3134 1³3
906 3048 992 3112 Mac.
1010 3049 1038 3130 Ι,
1057 3053 1100 3112 46
1125 3048 1242 3113 docent
1265 3047 1359 3111 haec:

297 3161 413 3226 stabat
439 3161 469 3223 in
504 3159 575 3224 foro
606 3159 766 3242 Myrinae,
800 3157 888 3220 urbis
913 3155 1077 3238 Lemniae,
1110 3154 1229 3220 bucula
1260 3174 1361 3218 aenea.

296 3267 366 3346 (aut
388 3267 594 3354 marmorea),
628 3267 716 3330 cuius
741 3273 866 3346 tergum
896 3265 961 3328 sivo
992 3264 1097 3328 latera
1128 3261 1236 3327 Athos
1269 3281 1360 3325 mons

295 3374 510 3439 inumbrabat.
558 3371 717 3456 Quoniam
742 3379 848 3436 autern
881 3393 971 3435 mons
1009 3371 1063 3435 ilie
1096 3371 1270 3453 quingenta
1303 3367 1361 3432 eir-

297 3483 376 3546 citer
400 3479 505 3546 stadia
537 3480 578 3544 ab
601 3479 707 3544 insula
740 3478 841 3560 abest,
877 3478 1062 3562 quadrabat
1096 3475 1299 3562 proverbium
1328 3474 1361 3537 in

299 3610 363 3671 eoo,
390 3596 444 3671 qui
460 3578 612 3670 'quamvis
637 3585 750 3670 procul
767 3586 916 3650 absentes
933 3607 1048 3650 nocere
1064 3590 1210 3669 possunt,
1243 3583 1362 3666 Apost.

296 3697 325 3778 Ι,
352 3703 413 3767 57:
438 3701 563 3782 λέγεται
588 3700 624 3764 δὲ
648 3699 701 3764 ἐπί
727 3703 795 3763 τιόν
819 3689 1018 3763 λιιποιίντιον
1042 3693 1133 3769 τινας
1157 3689 1176 3778 η’
1200 3691 1362 3775 βλαπτόν-

298 3831 376 3888 τιον,
402 3803 495 3873 Eusb.
520 3803 561 3866 ad
587 3803 643 3886 Jl,
667 3827 698 3886 p,
724 3806 797 3884 980,
823 3805 887 3871 44:
924 3801 1028 3885 δόξειε
1061 3805 1090 3868 d'
1115 3797 1156 3868 <ir
1185 3807 1320 3886 τιθῆναι
1343 3796 1363 3885 ἡ
1398 3885 1401 3896 .

298 3918 454 4000 παροιμία
478 3915 531 3980 ἐπί
556 3919 624 3980 τιδι’
653 3911 800 3997 ἐχόντων
833 3915 887 3978 καί
911 3908 1091 3995 πόρρωθεν
1115 3909 1319 3991 ἐφικνεῖσθαι
1343 3903 1363 3992 ἢ

299 4029 529 4092 καθικνεῖσθαι
553 4027 621 4090 τῶν
644 4023 888 4104 ταπεινοτέρων
919 4018 960 4086 δι’
985 4013 1151 4102 ιῖπεροχην
1176 4039 1249 4082 τινα
1272 4021 1361 4090 κτλ.;

299 4127 382 4211 falsa.
404 4133 511 4210 autem
535 4126 662 4203 videtur
678 4125 834 4228 praebere
851 4123 936 4203 Mac,
954 4123 982 4222 Ι,
1000 4125 1062 4193 46;
1087 4125 1141 4192 ἐπὶ
1157 4128 1226 4192 τῶν
1242 4128 1363 4222 βλαπτ-
