3116 4996
706 495 906 554 ..4.-

275 688 486 770 compositam
511 710 549 752 ex
572 689 660 775 nupd
685 693 717 752 et
741 692 816 774 ‘’ll‘'l'
850 687 1006 770 (similiter
1031 695 1129 770 atque
1153 687 1342 774 προοίμιον)

275 798 453 879 significare
486 813 613 860 versum
637 796 784 860 ultimum
817 796 966 858 carminis
1000 797 1054 878 qui
1087 794 1343 879 comprehendat

273 911 482 988 praeceptum
506 905 604 970 totius
629 903 768 980 fabulae,
795 923 890 984 quam
916 899 1035 966 Graeci
1061 910 1175 968 vocant
1198 902 1296 977 οἰνος.

270 1017 272 1028 ’
360 1028 447 1122 Tum
472 1020 638 1112 quaeritur
662 1051 745 1111 quae
769 1030 811 1092 sit
835 1030 880 1093 vis
905 1029 988 1093 vocis
1014 1034 1180 1115 ποοοιμίο.
1242 1025 1338 1112 Quod

229 1181 231 1186 ,
275 1160 371 1220 quam
396 1136 524 1200 difficile
542 1138 584 1200 sit
600 1135 770 1220 explicatu,
795 1135 869 1202 inde
886 1144 1034 1218 apparet
1058 1134 1145 1218 quod
1168 1158 1206 1200 cx
1222 1157 1339 1217 magno

273 1266 406 1310 numero
432 1243 654 1308 definitionum
678 1251 710 1308 ct
734 1243 775 1308 ab
800 1242 961 1307 veteribus
986 1243 1284 1326 paroemiograpbis
1310 1252 1342 1308 et

273 1353 314 1416 ab
339 1353 413 1416 viris
447 1351 549 1416 doctis
583 1352 699 1414 aetatis
729 1357 859 1415 nostrae
892 1351 1095 1434 prolatarum
1128 1351 1217 1415 nulla
1248 1351 1341 1434 vulgo
1393 1425 1397 1434 ¹

273 1467 403 1544 recepto
427 1459 631 1544 probataque
656 1463 713 1522 est.
770 1457 849 1522 Illas
874 1467 1124 1541 composuerunt
1147 1459 1342 1524 Robdewal·

273 1567 359 1648 dius,
393 1566 668 1649 Lingenbergius,
701 1566 884 1646 Bauckius,
918 1566 1031 1630 harum
1065 1567 1213 1650 exempla
1247 1567 1343 1652 clegit

274 1673 459 1738 Wanderus
493 1673 525 1736 in
550 1672 754 1754 „Deutscbes
780 1671 1204 1756 Sprichwbrter·Lexicon“,
1228 1674 1290 1744 Bd,
1314 1675 1341 1756 I,

275 1784 369 1861 1867,
404 1781 490 1850 ΕἰοΙ,
525 1780 620 1846 Adeo
655 1803 718 1846 non
750 1779 797 1844 his
831 1781 949 1846 addam
984 1782 1080 1846 aliam
1112 1782 1341 1862 definitionem,

273 1909 356 1971 quae
377 1895 464 1952 certe
488 1911 551 1953 uon
575 1889 677 1970 magis
702 1888 844 1971 placeret
861 1889 977 1954 criticis
996 1913 1091 1972 quam
1115 1889 1193 1954 mihi
1216 1889 1343 1955 illorum

272 1995 352 2059 satis
369 1994 503 2086 faciunt,
531 2003 565 2060 ut
580 1995 620 2058 ud
639 1995 769 2062 utiliora
785 2019 835 2060 me
853 2005 1039 2066 convertere
1056 1998 1176 2064 malim.
1210 1998 1341 2062 Etenim

272 2109 347 2166 ante
372 2103 478 2167 onmia
503 2102 603 2167 statui
628 2124 707 2184 opus
731 2112 789 2186 est,
824 2127 982 2186 quaenam
1013 2105 1100 2171 dicta
1124 2099 1188 2171 sint
1211 2125 1341 2190 prouer-

272 2209 370 2274 bialia
393 2209 582 2280 iudicanda:
608 2232 712 2292 neque
729 2212 761 2274 in
786 2213 970 2276 universum
988 2213 1105 2278 dehac
1122 2235 1156 2276 re
1174 2212 1340 2292 disseram,

272 2317 328 2380 sed
352 2318 496 2382 evolvere
521 2316 667 2398 studebo,
694 2317 810 2399 quibus
834 2318 958 2382 indiciis
983 2319 1151 2404 proverbia
1168 2321 1233 2383 sive
1255 2318 1341 2384 locu·

271 2427 373 2490 tiones
398 2424 616 2508 proverbiales
642 2462 680 2470 -
708 2447 812 2508 neque
837 2427 920 2489 enim
944 2425 1005 2490 hue
1031 2427 1070 2490 ab
1095 2426 1156 2490 illis
1181 2432 1255 2490 sunt
1279 2425 1341 2488 dis-

173 2548 175 2552 ·
272 2531 452 2596 cernendae
486 2571 537 2614 -,
573 2532 687 2614 quibus
721 2531 913 2617 Aeschylus,
949 2533 1135 2617 Sophocles,
1172 2531 1340 2615 Euripides

272 2640 322 2704 usi
346 2647 435 2724 sunt,
460 2641 584 2723 possint
601 2641 759 2727 cognosci.
799 2640 904 2706 Nemo
933 2663 996 2706 non
1013 2641 1100 2706 videt
1119 2640 1340 2704 difficillimum

272 2748 332 2813 hoc
350 2771 445 2841 ¹esse:
481 2748 682 2834 perlustrans
716 2771 814 2834 opera
845 2750 974 2832 linguae
1006 2756 1136 2814 nostrae
1171 2747 1341 2832 proverbia

272 2858 470 2921 continentia
494 2856 597 2924 multa
620 2857 770 2938 invenies,
796 2879 879 2940 quac
903 2865 938 2922 tu
963 2857 1092 2940 quidem
1117 2858 1244 2922 minime
1270 2879 1340 2940 pro·

273 2964 426 3028 verbialia
450 2964 593 3046 habebis,
628 2964 732 3028 multa
756 2963 952 3029 desiderabis
985 2973 1052 3030 tuo
1068 2965 1188 3050 judicio
1213 2987 1340 3049 prover-

271 3071 332 3135 biis
357 3072 563 3152 assignanda.
614 3070 700 3152 Quid
724 3073 865 3142 mirum?
899 3081 935 3138 ut
964 3075 1157 3156 populorum
1190 3074 1339 3138 instituta

273 3186 305 3243 t
273 3201 493 3261 opiniones
518 3203 643 3265 semper
666 3185 793 3246 mutant
781 3188 842 3250 tur
871 3181 918 3244 ita
883 3180 1049 3246 taliist
1036 3181 1234 3266 temporibus
1259 3181 1349 3244 aliast

272 3294 382 3352 senten
386 3287 446 3351 tias
471 3287 715 3370 proverbialiter
739 3309 808 3352 esse
831 3287 887 3350 trit
890 3309 924 3351 as
956 3309 1061 3352 nonne
1084 3289 1198 3370 patet?
1254 3285 1339 3370 Quin

272 3395 369 3459 etiarn
398 3395 542 3476 singulae
575 3402 654 3478 gen
656 3417 689 3458 es
721 3403 753 3484 et
740 3393 880 3458 turbes
913 3416 971 3459 sua
1003 3395 1123 3460 habeut
1111 3395 1337 3480 ptroverbia

272 3500 402 3584 Quanto
427 3509 534 3567 autern
559 3502 720 3567 difficilius
745 3505 806 3568 erit
829 3503 925 3568 hodie
958 3504 1062 3587 spatio
1082 3492 1209 3586 ¹viginti
1241 3505 1337 3568 trium

272 3611 398 3676 circiter
420 3610 622 3675 saeculorum
646 3611 835 3692 interposito
870 3619 1017 3676 excutere
1041 3611 1168 3693 adagia,
1199 3612 1338 3695 quaein

271 3740 326 3785 ore
352 3718 552 3785 Graecorum
576 3718 636 3782 illis
661 3718 859 3802 temporibus
885 3719 1000 3784 cotidie
1023 3727 1151 3784 versata
1176 3720 1255 3785 sint!

360 3826 416 3891 Ad
450 3826 655 3908 agnoscenda
690 3825 859 3908 proverbia
903 3826 1039 3891 multum
1073 3825 1181 3891 valent
1211 3827 1244 3891 hi
1277 3808 1360 3891 loci·

272 3935 488 4000 Aristotelici:
539 3935 625 4018 apud
666 3933 778 4018 Syues,
823 3933 957 4004 Encom.
999 3933 1114 4000 Oalvit.
1155 3957 1185 4016 p.
1218 3936 1260 4000 85
1292 3933 1337 4003 B:

271 4051 409 4117 παλαιᾶς
426 4047 484 4112 οἱοὶ
501 4042 559 4127 (sc,
577 4045 610 4110 οἱ
625 4041 805 4130 παροιμίαι)
823 4048 1019 4128 φιλοοοοίος
1035 4045 1158 4118 ἕντοῖς
1174 4047 1339 4129 μογίοτοις

270 4145 464 4238 «troadam
488 4161 632 4236 οὲοοοοῖς
655 4147 862 4237 ἀπολομένης
886 4153 1171 4238 s’yarctulsberu-mu,
1201 4175 1337 4237 asprom-
