3116 4996
197 689 461 757 commolientem.
507 687 586 753 Alia
617 689 763 771 exempla
794 693 1022 770 suggesserunt
1044 687 1163 754 «Iunius
1195 685 1259 773 (ap.

197 797 325 862 Erasm.
349 818 380 879 p,
408 794 507 880 1110)
532 801 564 859 et
586 794 716 878 Papeus
739 796 773 859 in
796 793 875 866 Lex,
900 817 924 859 s.
950 817 978 868 v,
1034 793 1140 860 Cessit
1163 797 1261 860 etiam

196 925 258 970 vox
292 905 325 968 in
357 924 472 968 nomen
506 883 741 967 substantivum
774 909 807 966 et
839 901 970 986 ponitur
1003 924 1061 986 pro
1094 911 1261 968 venustate

197 1010 388 1102 gratiaque,
403 1031 431 1080 e.
455 1031 502 1092 gr.
526 1009 560 1072 iu
584 1007 664 1080 Eur,
688 1007 763 1092 frgt.
792 1011 864 1079 116.

287 1116 427 1202 Scyllam
449 1115 681 1199 nuncupabant
712 1116 877 1182 mulierem
910 1116 1087 1198 quamlibet
1110 1116 1262 1183 infamem

198 1225 418 1308 imprimisque
450 1223 611 1289 crudelem
644 1232 676 1308 et
708 1244 868 1308 rapacem.
925 1222 978 1288 Sic
1002 1223 1189 1290 Cassandra
1221 1225 1262 1289 de

198 1331 456 1416 Clytaemnestra
479 1352 532 1415 ap.
557 1330 676 1402 Aesch.
701 1330 820 1414 Agam.
847 1335 950 1424 1232:

124 1423 130 1432 ¹
171 1461 174 1470 ’
287 1445 319 1506 τι’
341 1465 394 1508 νιν
415 1447 561 1508 καλοῦσα
586 1443 740 1524 δνσιριλὲς
758 1439 867 1516 ’δάκος

287 1545 413 1634 τύχοιμ’
438 1544 496 1628 ἂν,
519 1543 746 1633 ἀμφίσβαιναν,
772 1543 790 1634 ἢ
814 1546 1021 1615 Σκύλλαν
1046 1572 1116 1615 τιν
1126 1545 1146 1614 d

287 1659 447 1722 οἰκοῦσαν
470 1656 506 1723 ἐν
530 1669 686 1740 πετραῖοι,
712 1659 875 1724 ναατίλιον
898 1655 1031 1742 βλάβην,

198 1761 269 1826 cell.
304 1759 405 1826 ciusd.
439 1757 521 1831 cho.
556 1764 629 1842 614,
664 1767 696 1825 et
728 1761 827 1827 Iason
865 1760 905 1825 de
938 1759 1057 1826 Medea
1096 1781 1147 1846 ap.
1182 1761 1260 1826 llur.

198 1867 286 1934 Med.
315 1872 420 1938 1342:
1164 1887 1165 1896 ’

266 1975 327 2062 (σε)
351 2024 492 2041 .....
520 1981 658 2059 λέαιναν,
683 1973 722 2044 οὗ
747 1991 893 2062 γυναῖκα,
918 1983 975 2062 τῇ,1
1001 1981 1202 2064 Τυρσηνίδος

266 2080 360 2152 Σκιζ
372 2091 471 2180 λ’λρς
495 2085 633 2170 ἕχονσαν
656 2080 858 2170 ἀγριιοτὲραν
882 2083 981 2168 φύσιν
1173 2077 1176 2086 ’

200 2191 402 2273 feminaeque
425 2211 614 2274 responsum
637 2188 715 2260 ibid,
740 2213 766 2260 v,
795 2192 899 2258 1358:

287 2299 371 2386 πρὸς
395 2306 500 2367 ταῦτα
523 2303 577 2366 καὶ
601 2302 739 2380 λεάιναν,
765 2302 795 2366 εἰ
816 2299 935 2381 βούλει,
960 2298 1049 2367 κιξλει

288 2411 359 2474 καὶ
383 2413 418 2472 Σ
426 2404 560 2472 κῦλλα
573 2431 592 2474 ν
616 2402 635 2491 ly*
661 2400 974 2492 11ρσρνὸνο1κρσεν
998 2411 1111 2496 addar.

198 2513 250 2579 De
289 2513 455 2578 meretrice
503 2511 643 2596 quadum
692 2511 770 2576 dicit
817 2511 997 2578 Anaxilaus
1045 2534 1097 2596 ap.
1140 2511 1263 2584 Athen,

199 2619 304 2702 XIII,
334 2623 398 2687 558
423 2617 469 2690 O:
494 2625 526 2688 τί
550 2624 717 2705 διαφέρειν·
748 2619 900 2707 Σκύλλης
933 2627 1042 2703 δοκεῖ,Ι
1075 2620 1114 2692 cf.
1147 2619 1263 2692 Liban.

198 2735 293 2795 eratt.
318 2728 346 2810 I,
375 2730 424 2799 18.

288 2832 470 2918 Charybdis
494 2836 621 2901 nomine
638 2835 879 2916 significabatur
895 2837 928 2899 in
944 2835 1126 2900 universum
1144 2857 1263 2917 vorago

197 2941 420 3026 pessumdans.
460 2943 580 3024 Itaque
598 2943 770 3026 Euripides
790 2943 838 3007 bis
856 2943 1014 3026 exprimit,
1026 2942 1263 3026 Amphiaraum

199 3057 306 3115 terrae
353 3049 444 3115 biatu
492 3071 561 3114 esse
605 3051 776 3120 baustum:
828 3049 941 3134 Suppl.
991 3055 1073 3121 500:
1124 3046 1266 3137 ἥρπασεν

199 3157 418 3244 χάρυβδις
441 3159 681 3227 οιίσνοίικοαον.
730 3156 780 3229 cf,
805 3155 959 3227 Simonid,
985 3156 1042 3222 Oei
1066 3157 1139 3240 frgt.
1167 3161 1226 3222 38:

307 3265 418 3334 πάντα
443 3266 502 3352 γὰρ
526 3271 602 3351 μίαν
626 3267 763 3334 ἱκνεῖται
788 3264 1157 3352 accusantiumque,

308 3372 340 3438 αἱ
361 3372 495 3458 ,μεγάλαι
519 3374 546 3440 τ’
572 3369 684 3460 ιἰρεταλ
708 3376 762 3439 καὶ
787 3369 805 3439 ὁ
829 3379 985 3448 πλοῦτος.

202 3495 285 3560 Tum
325 3491 584 3562 transferebatur
634 3517 694 3560 vex
733 3497 764 3559 in
805 3495 949 3560 homines
988 3516 1132 3579 rapaces
1181 3495 1267 3560 velut

201 3601 243 3668 ab
266 3601 438 3689 Aristcpb,
471 3604 583 3686 Equit.
618 3607 692 3683 248,
726 3602 780 3666 ubi
813 3602 876 3674 vid,
912 3623 995 3686 quae
1027 3603 1174 3668 Kockius
1211 3602 1267 3668 ad-

202 3710 334 3780 notavit,
361 3747 400 3756 ——

200 3903 204 3908 .
291 3816 490 3901 Gorgonem,
526 3841 608 3901 quae
633 3816 801 3884 dicebatur
824 3824 959 3900 aspectu
984 3818 1091 3881 emnia
1117 3816 1267 3900 obstupe·

202 3923 318 4006 facere,
343 3926 514 4008 proferunt
537 3926 661 4008 tragici,
687 3934 723 3990 ut
746 3925 889 3990 indicent
913 3923 1035 4007 aliquid
1060 3921 1222 3994 terribile:

203 4031 280 4101 Eur,
307 4031 432 4104 Phoem
458 4019 562 4101 455:'
579 4031 617 4103 ci·
641 4035 700 4121 γὰρ
725 4031 764 4102 τὸ
790 4033 1013 4119 λαιμότμητον
1037 4035 1164 4118 εἰσορᾷς
1186 4031 1268 4117 κιξρα

295 4140 537 4228 Γοργόνος,
561 4138 709 4226 ιέὸλελμὸν
733 4142 762 4208 δ’
788 4144 916 4228 εἰσορᾷς
941 4136 1065 4226 ἥκοντα
1090 4135 1159 4222 σόν,

1055 4261 1087 4318 4*
