3116 4996
523 453 848 518 ¹-59-

210 656 268 732 est,
294 650 380 714 varie
402 656 569 727 narratum
595 647 653 711 alii
673 646 808 712 tradunt
831 647 967 732 (Herod.
986 648 1047 730 VI,
1068 651 1149 728 1383
1175 646 1273 714 schol.

210 756 289 826 Eur.
313 755 434 826 Troad.
459 756 549 840 887),
567 753 722 837 Pelasgos
746 755 870 840 multas¹
887 755 1036 820 mulieres
1059 754 1275 820 Athenienses

210 871 322 947 raptas
345 863 378 927 in
401 861 559 928 Lemnum
582 861 721 944 duxisse,
755 869 823 926 tum
847 863 944 946 ipsas·
966 861 1113 946 filiosque
1142 883 1182 928 ex
1213 863 1275 926 illis

208 979 305 1038 natos
328 971 538 1054 interfecisse,
564 971 691 1052 veritos
718 991 757 1034 ne
778 969 954 1053 aliquando
978 969 1081 1035 adulti
1098 968 1276 1034 Athenien·
1379 1053 1381 1059 ,

211 1081 295 1144 sium
318 1079 468 1144 iniuriam
484 1078 731 1156 ulciscerentur3
758 1099 878 1162 paucas
896 1098 971 1142 vero
997 1077 1186 1160 superstites
1209 1099 1263 1140 mu

86 1174 89 1182 ’
210 1186 306 1250 lieres
337 1183 453 1251 deiude
486 1206 596 1250 omues
628 1185 727 1250 totius
760 1185 885 1250 insulae
919 1185 1004 1248 viros
1039 1183 1208 1266 occidisse,
1241 1192 1277 1248 ut

210 1294 301 1378 ipsae
325 1292 454 1376 quidem
479 1314 499 1356 a
523 1275 624 1356 caede
645 1298 737 1356 tutae
762 1299 877 1356 esseut.
934 1290 1003 1358 Alii
1028 1290 1154 1374 (scholl.
1178 1289 1275 1358 Pind.

210 1400 306 1489 Pyth,
330 1400 392 1480 IV,
417 1404 501 1478 4483
527 1398 625 1467 schol.
650 1398 828 1483 Appollon
852 1399 879 1480 I,
907 1399 983 1478 773)
1016 1399 1090 1463 hine
1113 1397 1276 1480 proverbii

211 1508 366 1590 originem
391 1506 522 1587 ducunt,
548 1506 635 1589 quod
658 1505 821 1588 Lemniae,
847 1509 923 1588 quia
947 1507 1106 1575 Venerem
1131 1506 1277 1588 neglexe-

210 1621 287 1680 rant
309 1636 330 1680 a
352 1613 414 1678 dea
437 1613 536 1679 odore
569 1612 653 1680 malo
678 1614 819 1698 punitae,
853 1621 888 1678 ut
911 1614 1045 1677 maritos
1078 1613 1119 1677 ab
1144 1633 1276 1678 consue·

211 1722 323 1806 tudine
346 1743 406 1787 sua
428 1720 638 1802 deterrerent,
664 1741 773 1786 omnes
798 1720 881 1785 viros
897 1719 1137 1792 interfecerunt.
1192 1719 1278 1803 Quo-

210 1829 298 1893 niam
323 1835 459 1911 utraque
482 1827 593 1892 fabula
615 1825 657 1890 ad
682 1826 816 1890 eundem
841 1827 938 1891 finem
961 1834 1098 1910 spectat,
1124 1826 1203 1890 nihil
1227 1849 1277 1890 re·

210 1937 284 2018 fert,
320 1936 414 2000 anxie
447 1934 617 2020 persequi,
658 1956 696 1998 ex
728 1939 803 1998 utra
842 1934 1045 2016 proverbium
1086 1935 1276 2004 manaverit.

210 2042 360 2124 Constat,
399 2041 433 2107 id
473 2063 542 2105 esse
585 2040 765 2105 adhibitum
806 2041 849 2104 ad
886 2041 1130 2124 significandum
1164 2043 1277 2123 ingens

209 2149 492 2233 miserandumque
525 2149 655 2217 malum.
702 2147 752 2220 Of,
785 2147 947 2232 Hesyoh,:
983 2150 1117 2236 Λήμνια·
1143 2149 1277 2235 φοβερά,

208 2257 369 2346 μοχθηρά.
417 2257 496 2338 Zeu,
521 2257 581 2339 IV,
608 2261 668 2336 913
693 2257 790 2338 Diog.
815 2257 875 2339 VI,
895 2261 933 2343 23
959 2253 1001 2330 G,
1019 2254 1057 2327 O.
1073 2256 1120 2321 M.
1138 2257 1199 2338 IV,
1219 2259 1278 2341 133

209 2366 298 2437 Mae.
323 2365 363 2446 V,
390 2369 451 2450 60;
477 2347 603 2447 Apost.v
622 2364 668 2446 X,
695 2369 735 2428 65
761 2363 882 2428 liabent
905 2359 1052 2451 Λήμνιον
1076 2361 1183 2433 κακόν
1214 2365 1279 2428 sive

210 2474 336 2560 Λήμνια
360 2473 455 2553 κακά,
480 2473 599 2556 partim
624 2471 735 2538 addita
759 2471 895 2536 verbosa
919 2470 1154 2554 explanatione,
1201 2470 1279 2537 Per-

210 2580 378 2662 vulgatum
421 2579 519 2644 fuisse
551 2579 754 2662 proverbium
798 2577 893 2642 docet
929 2577 1053 2642 Herod.
1096 2577 1155 2658 VI,
1199 2581 1279 2646 lae:

210 2686 397 2773 νενόμισται
435 2683 496 2755 c'rrul
536 2687 596 2772 τὴν
634 2683 766 2754 Ἑλλάδα
806 2686 846 2754 τὰ
885 2690 1015 2772 σχέτλια
1053 2687 1129 2772 ἔργα
1170 2683 1281 2753 πάντα

211 2789 339 2879 Λήμνια
367 2798 549 2861 καλέεσθαι.
602 2791 752 2857 Meminit
780 2792 933 2858 facinoris
962 2791 1153 2856 feminarum
1185 2789 1278 2854 laem·

211 2902 339 2966 uiarum
363 2898 440 2970 Eur,
466 2899 548 2970 Heo.
574 2902 658 2969 886:

365 3031 397 3093 τί
420 3025 470 3108 ὸ’,·
493 3023 532 3093 01³
555 3041 707 3112 γυναῖκες
731 3024 817 3094 εἷλον
842 3024 1010 3111 Αἰγύπτου
1035 3029 1135 3093 τέκνα

365 3138 418 3200 καὶ
443 3140 575 3219 Λῆμνον
600 3131 703 3220 ἄρδην
726 3129 873 3218 ἀρσένων
898 3131 1075 3218 e'gqixuoum·

213 3239 313 3305 Addo
337 3238 432 3309 Pind.
465 3237 561 3323 Pyth.
596 3239 655 3321 IV,
689 3244 773 3320 448,
805 3238 894 3308 Plut,
927 3237 1039 3311 Amat.
1075 3242 1125 3324 ll,
1159 3262 1189 3321 p.
1217 3241 1279 3304 755

215 3346 252 3418 O.
300 3345 424 3412 Contra
448 3344 547 3429 soph.
573 3345 656 3412 Phil.
681 3349 765 3416 800:

283 3461 330 3539 τῷ
355 3459 487 3540 Λημνίῳ
513 3459 561 3544 τῷ
586 3451 615 3520 ‹l'
641 3451 897 3541 ἀνακαλουμένῳ
921 3459 1000 3542 πυρὶ
1024 3453 1035 3539 l
1059 3455 1227 3540 ἔμπρησον

216 3561 258 3626 ad
282 3560 485 3645 proverbium
517 3559 597 3626 illud
621 3560 763 3626 alludere
795 3561 874 3626 mihi
898 3583 962 3626 non
988 3560 1121 3631 videtur,
1184 3557 1280 3642 Quod

216 3671 249 3734 iu
279 3667 402 3734 Lemno
433 3669 540 3734 insula
570 3669 731 3738 finxerunt
763 3691 833 3733 esse
866 3668 1008 3735 Vulcani
1040 3667 1201 3733 officinam
1238 3667 1280 3753 (v,

215 3777 292 3847 ibid.
317 3777 394 3864 986)
428 3786 460 3843 et
483 3777 671 3861 Mosychlos
694 3799 786 3842 mons
815 3775 961 3842 flammas
991 3777 1121 3860 vomuit,
1156 3775 1282 3840 videtur

216 3887 297 3968 ignis
321 3885 615 3951 vehementissimus
641 3907 696 3950 ore
720 3885 806 3967 vulgi
824 3891 955 3948 vocatus
980 3905 1050 3949 esse
1072 3882 1280 3964 „Lemnius“.

219 3991 399 4060 Praeterea
421 3991 646 4072 Philoctetem,
682 3993 737 4075 qui
760 3992 858 4056 verba
881 3991 937 4056 illa
961 3991 1142 4074 eloquatur,
1175 3991 1281 4073 ipsum

218 4102 249 4182 iu
260 4100 386 4170 Lemno
396 4101 526 4178 versari,
539 4098 717 4178 notandum
727 4106 784 4170 est.
810 4097 961 4166 Celerum
977 4097 1039 4169 vid.
1049 4096 1172 4176 Bauok.
1183 4121 1215 4190 p.
1226 4100 1280 4186 45,
