3116 4996
723 503 939 564 ...38...

367 678 369 687 ’
405 700 542 782 πρῶτον
559 697 626 779 μὲν
650 689 726 778 δραι
750 693 871 762 λευκὸν
894 690 1063 764 ιἰνδοῦντα
1092 689 1216 782 arripui·

406 798 517 868 ἔπειτα
541 807 735 886 φοινίξαντα
758 800 919 887 γογγύλον·
942 800 1055 887 μόρον,

406 911 520 976 ἔπειτα
542 917 673 997 γῆρας
697 909 868 994 λαμβάνεις
892 914 923 978 Α
934 911 948 976 l
963 936 983 995 ν
996 907 1013 978 ri
1024 936 1049 976 τι
1061 937 1161 980 τιον

300 1014 429 1080 videtur
449 1022 549 1103 γῆρας
574 1017 752 1102 Αἰγύπτιον
776 1014 936 1100 proverbii
968 1015 1040 1082 loco
1065 1025 1206 1082 aetatem
1236 1038 1373 1101 provec-

299 1123 415 1186 tiorem
439 1122 630 1203 significare,
676 1122 728 1187 De
752 1130 897 1188 monstro
921 1123 975 1188 illo
1000 1125 1094 1208 plura
1117 1125 1217 1190 habet
1240 1126 1369 1209 Hygin.

299 1229 364 1300 fab,
393 1231 463 1295 136.
875 1229 879 1240 '

387 1337 484 1400 Iuvat
507 1357 545 1400 ex
570 1335 666 1419 Diog,
684 1335 743 1418 VI,
770 1340 813 1402 24
838 1337 896 1401 hos
920 1338 1032 1402 incerti
1057 1338 1197 1402 auctoris
1221 1338 1370 1403 senarios

300 1463 480 1526 apponere:

460 1555 563 1619 Λνδοὶ
586 1556 727 1638 πονηροὶ
752 1551 901 1638 διδτιροι
927 1553 956 1620 δ’
973 1548 1151 1639 Atyn-'mu

461 1662 567 1743 τρίτοι
592 1662 626 1726 δὲ
652 1659 790 1728 πάντων
817 1666 920 1743 Καρις
944 1662 1167 1744 ἐξωλέστατοι,

301 1762 416 1844 quibus
442 1762 527 1828 ultro
551 1763 750 1829 traducimur
775 1764 817 1829 ad
841 1765 951 1848 Lydos
976 1773 1009 1830 et
1032 1764 1143 1835 Cares.
1343 1844 1348 1858 υ

389 1867 474 1952 Lydi
497 1870 645 1935 infamati
670 1880 762 1936 eraut
787 1882 920 1955 propter
944 1873 1112 1954 luxuriam,
1139 1872 1223 1938 uude
1243 1871 1366 1943 Aesch,

298 1973 390 2046 Pers.
415 1980 488 2048 41.;

578 2087 801 2174 ἁβροδιαίτων
825 2095 946 2158 Λυδῶν
970 2085 1075 2174 ὄχλος,

298 2192 409 2276 ibique
433 2194 532 2267 schol,
566 2203 797 2260 commemorat
829 2195 1033 2280 proverbium
1062 2203 1120 2264 Λν
1132 2201 1190 2263 δοῖ
1200 2222 1219 2265 ν
1242 2188 1367 2282 καρί-

299 2328 384 2384 κιις,
410 2301 496 2384 quod
522 2304 680 2384 excerpsit
704 2303 782 2375 Zeu,
807 2304 848 2385 V,
876 2309 905 2374 3,
931 2339 971 2350 -

388 2424 489 2492 Cares
515 2427 602 2509 qnod
635 2428 895 2511 primi‘omninm
927 2429 1073 2493 mercede
1103 2427 1253 2493 conducti
1286 2428 1365 2493 mili·

298 2541 385 2600 tasse
409 2534 570 2616 dicuntur,
606 2532 741 2598 Graecis
776 2543 868 2601 erant
891 2537 1081 2601 invisissimi.
1136 2537 1212 2601 Huc
1240 2543 1367 2621 spectat

298 2639 376 2707 Eury
402 2641 489 2725 chl.
516 2645 599 2708 654:

511 2753 555 2819 ἐν
579 2757 637 2837 roi
663 2756 773 2837 Καρὶ
796 2752 1160 2839 κινδυνεύσομεν,

301 2856 417 2938 quibus
441 2856 545 2920 verbis
570 2857 686 2922 chorus
711 2851 903 2941 satyrorum,
928 2879 1080 2925 recusans
1103 2858 1231 2926 Ulixem
1256 2858 1366 2954 iule-

302 2964 394 3046 olope
418 2966 619 3030 occaecando
654 2966 816 3045 adiuvare,
852 2967 957 3031 facete
988 2966 1067 3030 baec
1099 2966 1166 3031 fere
1199 2967 1365 3051 exprimit:

298 3093 369 3151 noS,
395 3092 531 3153 qnorum
557 3073 621 3136 vita
644 3073 755 3154 magui
778 3073 982 3138 aestimanda
999 3081 1056 3153 est,
1083 3085 1173 3138 extra
1189 3073 1366 3156 pericnlum

302 3178 466 3258 stabimus,
492 3185 525 3242 et
547 3184 589 3259 te,
615 3179 674 3243 vile
697 3180 902 3262 ignobileque
927 3189 1037 3265 caput,
1070 3183 1167 3246 morti
1190 3201 1249 3263 pro
1274 3180 1365 3244 nobis

305 3285 486 3355 obiciemus,
535 3285 636 3349 Paulo
666 3293 827 3350 mutantes
864 3286 1012 3353 solebant
1044 3289 1138 3372 vulgo
1172 3288 1297 3358 dicere:
1330 3290 1366 3356 ἐν

300 3399 381 3480 Καρὶ
405 3399 560 3469 ιιίνδονο,Ι
584 3395 649 3458 sive
672 3394 733 3464 τὸν
757 3401 922 3480 κίνδυνον,
952 3397 979 3459 si
1007 3398 1077 3479 quis
1106 3396 1283 3482 periculum
1307 3396 1366 3459 sibi

302 3502 468 3566 imminens
492 3500 713 3585 propulsabat,
739 3501 861 3584 aliquid
886 3503 1025 3568 deterius
1049 3504 1203 3586 imprimis
1227 3504 1366 3567 animam

301 3607 504 3672 humiliorem
548 3629 608 3691 pro
648 3630 681 3671 se
721 3609 895 3675 discrimini
940 3611 1086 3682 offerens,
1156 3611 1231 3674 Hoc
1271 3611 1366 3675 ducet

302 3715 444 3798 Hesych,
470 3737 494 3779 s.
520 3738 567 3786 v.:
593 3723 750 3803 παροιμία
773 3721 827 3786 ἐπὶ
851 3727 920 3788 τιον
943 3723 979 3788 ἐν
1003 3717 1145 3787 εὐτελέσι
1170 3719 1228 3795 τὰς
1251 3725 1365 3806 πείρας

220 3811 225 3819 ’
302 3828 518 3910 ποιοομίνιοο,
572 3824 691 3906 Itaque
715 3823 851 3894 Aristid,
877 3825 905 3907 Ι,
930 3850 962 3910 p,
991 3831 1051 3890 163
1078 3826 1242 3889 contraria
1266 3848 1364 3908 oppo-

300 3952 398 3995 nens:
441 3933 487 4000 ἐν·
510 3939 559 4017 τῷ
593 3937 692 4019 Καρὶ,
725 3933 855 4019 ίοαυίι,
883 3938 937 4001 καί
971 3931 1033 4002 οὔκ
1068 3935 1103 4002 ἐν
1136 3948 1205 4009 τοῖς
1237 3933 1365 4000 ἑαντιῦν

299 4037 423 4125 σώμασι
446 4039 507 4126 τὴν
531 4055 647 4126 πεῖραν
671 4039 873 4128 ποιούμενοι.
920 4041 990 4128 Κὰρ
1012 4040 1112 4122 igitur
1128 4046 1200 4106 erat
1217 4035 1364 4119 Graecia,

300 4145 355 4235 qui
378 4167 436 4238 pro
462 4146 532 4210 aliis
556 4147 719 4217 molestias
753 4145 901 4211 mercede
933 4147 1146 4241 suscipiebat;
1179 4144 1240 4216 vid,
1275 4145 1364 4230 Suid
