3116 4996
646 481 865 544 ..12-

228 673 355 736 omnino
390 671 429 736 de
462 672 621 738 mercibus
653 671 789 736 venditis
825 673 872 746 yel
907 674 1082 738 vendendis
1101 723 1104 728 -
1123 695 1188 738 non
1223 673 1294 754 dici,
1368 692 1372 700 ’

227 779 347 842 sivein
372 800 512 844 errorem
537 777 665 843 illorum
689 779 872 844 inciderunt
897 782 1115 846 excubitorem
1134 801 1203 846 esse
1228 802 1296 847 cor·

226 893 356 968 ruptum
379 887 587 952 censentium.

316 993 446 1060 Deinde
477 993 571 1065 Eust
606 993 648 1058 ad
681 993 775 1064 iliad,
811 1017 841 1077 p,
868 999 942 1076 962,
978 999 1017 1061 19
1052 1003 1084 1060 01
1107 994 1229 1080 Opnso.
1263 1018 1294 1080 p.

230 1107 302 1190 1118,
328 1105 368 1168 29
394 1111 474 1184 βοῦς
490 1106 544 1171 dal
560 1103 690 1190 γλώττῃ
706 1101 746 1166 (10
762 1102 859 1166 nimis
884 1123 993 1166 crassa
1009 1103 1163 1186 gravique
1186 1102 1296 1185 lingua

227 1208 386 1295 accipiens
420 1211 554 1291 protulit
578 1210 672 1274 -rocis
706 1210 915 1296 βούγλωσσος
954 1209 1221 1292 significationem
1254 1209 1294 1274 ab

226 1314 350 1397 vulgari
375 1336 506 1398 prorsus
533 1317 681 1388 alienam,

315 1420 426 1486 Aliam
451 1423 532 1486 riam
550 1422 772 1506 explicationis
789 1423 971 1488 Lobeckius
998 1423 1173 1509 (Aglanplu
1192 1424 1220 1506 I,
1238 1425 1294 1509 36)

225 1527 375 1609 instituit,
400 1528 440 1593 de
463 1529 539 1594 boia
555 1531 618 1594 aive
636 1550 736 1611 camo,
764 1528 866 1612 qualis
884 1529 1111 1596 damnatorum
1131 1532 1177 1596 ori
1195 1530 1295 1613 appli-

226 1635 371 1717 cabatur,
397 1637 645 1719 interpretatus:
679 1637 729 1700 cui
753 1637 872 1700 rationi
904 1658 1012 1702 vocem
1048 1639 1178 1725 γλώττῃ
1202 1660 1295 1722 repu-

226 1764 334 1826 gnare,
375 1765 447 1808 cum
471 1743 533 1808 dici
573 1743 721 1828 debuerit
759 1742 912 1831 στόματι,
959 1746 1029 1810 iure
1066 1746 1295 1812 animadvertit
1327 1821 1331 1830 A

226 1848 458 1934 Bernhardyus
491 1851 524 1914 in
548 1851 656 1933 glossa
688 1850 729 1915 ad
763 1849 853 1922 Suid,
888 1851 909 1918 1.
935 1873 961 1922 0,
1016 1852 1069 1917 Ι)0
1100 1853 1165 1918 alia
1198 1875 1296 1918 causa

225 1958 394 2022 resistente
418 1957 503 2024 infra
526 1957 641 2027 dicam.
815 1950 817 1956 ’

316 2081 399 2146 Tum
424 2081 686 2148 Selineidewinus
711 2082 885 2168 (Philolog.
902 2081 969 2165 IX,
991 2088 1052 2148 149
1065 2085 1151 2171 sqq.)
1176 2088 1295 2170 quique

226 2212 297 2254 cum
323 2191 423 2254 secuti
457 2198 531 2255 sunt
563 2189 734 2254 voluerunt
767 2211 805 2252 ex
838 2189 1121 2255 consuetudinibus
1155 2193 1295 2275 mysticis

226 2287 372 2362 derivare
396 2297 609 2381 proverbium,
636 2297 833 2362 advocantes
851 2297 1007 2369 Philostr,
1032 2299 1089 2368 vit,
1110 2299 1215 2381 Apoll.
1234 2300 1295 2378 Vl,

228 2409 266 2471 11
294 2391 334 2471 de
358 2405 547 2488 Pythagora
571 2404 690 2468 silentii
715 2411 848 2468 auctore
881 2405 959 2468 satis
982 2405 1187 2470 incredibilia
1211 2406 1296 2470 exbi-

226 2514 365 2593 bentem,
391 2497 561 2597 praeterea
584 2511 649 2576 nixi
674 2511 775 2580 einsd.
800 2511 870 2579 vin,
895 2510 1147 2596 Soph.i‚ar,1;
1172 2513 1296 2582 Julian.

227 2631 323 2691 oratt.
348 2620 428 2701 VII,
455 2622 519 2684 218
542 2617 594 2702 Α;
619 2618 732 2700 Synes
757 2619 852 2702 epist.
879 2621 951 2700 153,
977 2623 1038 2686 291
1065 2619 1125 2698 o„
1153 2618 1231 2702 Quis
1249 2627 1297 2684 est

227 2730 304 2812 quin
345 2727 511 2808 concedat,
561 2726 618 2790 hos
660 2733 837 2792 sectatores
880 2725 1037 2790 fanaticos
1071 2729 1296 2810 mysteriorum

228 2835 465 2900 Eleusiniorum
490 2855 559 2897 esse
582 2833 741 2915 indignos,
777 2832 892 2914 quibus
916 2839 1043 2896 tantum
1067 2834 1219 2916 ponderis
1245 2835 1296 2898 hic

227 2941 412 3007 tribuatur?
445 2949 478 3006 et
500 2941 596 3004 fidem
631 2962 700 3004 esse
725 2939 948 3024 denegandam
982 2942 1035 3004 isti
1068 2943 1176 3023 generi
1199 2943 1296 3006 inter·

226 3063 351 3135 pretum
378 3049 564 3134 cupididate
589 3049 780 3130 ardentium,
806 3050 838 3112 in
855 3071 1050 3131 unaquaque
1068 3051 1212 3132 ‹ynamuis
1236 3050 1296 3113 levi

227 3179 261 3222 re
286 3157 420 3238 vestigia
435 3157 570 3238 mystica
586 3156 792 3220 inveniendi?
840 3155 935 3238 Quod
953 3155 1095 3224 studium
1111 3177 1295 3239 perversum

227 3286 357 3348 prorsus
382 3262 537 3328 abhorret
561 3264 602 3326 ab
627 3271 737 3328 nostro
763 3264 833 3328 loco
859 3261 1059 3346 Aeschyleo:
1084 3265 1295 3346 nequeenim

228 3374 292 3437 veri
317 3372 419 3436 simile
436 3369 514 3434 mihi
538 3370 674 3452 videtur,
700 3370 795 3434 abeo
823 3377 928 3454 poeta,
954 3372 1009 3455 qni
1024 3369 1206 3434 admirabili
1228 3379 1297 3434 arte

227 3479 423 3560 singularum
447 3498 659 3560 personarum
683 3499 789 3542 mores
815 3477 962 3562 depingit
977 3486 1009 3542 et
1033 3479 1171 3542 cuiusvis
1195 3499 1295 3560 genus
1361 3476 1365 3482 ’

228 3585 355 3651 dicendi
380 3586 447 3650 eius
471 3583 579 3650 indole
603 3593 784 3668 naturaque
815 3587 973 3671 exprimit,
1009 3586 1227 3650 excubitorem
1251 3586 1297 3649 lo-

216 3701 378 3775 ,qnentem
395 3713 465 3757 esse
482 3692 648 3756 inductum
665 3693 826 3758 locutione
845 3701 912 3757 tam
929 3692 994 3756 alte
1010 3694 1149 3776 repetita
1192 3692 1296 3756 Immo

227 3801 319 3865 verol
346 3808 382 3865 ut
405 3799 503 3866 homo
528 3799 567 3862 de
592 3800 686 3882 vulgo
711 3800 802 3881 solet,
829 3801 931 3864 utitur
955 3822 1065 3864 servus
1080 3802 1115 3864 in
1131 3808 1200 3865 toto
1225 3823 1297 3883 pro·

227 3909 300 3990 logo
326 3908 461 3990 simplici
486 3915 518 3972 et
542 3929 580 3971 ex
604 3911 670 3972 vita
693 3909 853 3972 communi
870 3916 998 3991 sumpto
1017 3930 1177 3978 sermone:
1205 3929 1295 3989 egr.

229 4020 299 4086 v.4
331 4017 492 4096 ingentem
524 4038 696 4099 parvorum
729 4015 870 4079 siderum
903 4037 1069 4080 numerum
1101 4015 1296 4096 concionem,

228 4125 319 4208 signa
343 4122 477 4190 Zodiaoi
502 4124 664 4190 concionis
688 4145 780 4204 reges
798 4123 960 4210 appellat;
978 4145 1005 4191 v,
1027 4126 1102 4192 12-
1116 4128 1154 4192 16
1173 4130 1297 4194 senteu-
