3116 4996
719 505 761 518 ..
810 469 940 536 34...

387 663 564 749 Sophocles
590 666 686 750 paulo
715 665 869 731 audacius
893 669 1028 734 mutavit
1051 667 1135 738 Phil.
1162 671 1266 740 1260:

340 777 445 849 ἴσως
477 771 527 842 dr
551 773 682 849 ἐκτὸς
709 774 979 860 κλανμιὲτων
1011 777 1135 862 ἔχοις
1165 776 1295 855 πόδα,

302 880 372 950 coll.
388 879 464 950 ibid.
482 884 566 951 504:
592 881 689 956 ἐκτὸς
714 877 794 949 ὄντα
818 882 986 968 πημάτων.
1027 881 1146 946 Adicio
1157 881 1251 953 Pind.
1267 881 1375 965 Pyth.

295 987 350 1068 W,
376 990 458 1056 513:
483 985 565 1054 καλὰ
589 986 783 1073 μνίόσκοντ’
809 985 934 1074 ἀνάγκᾳ
957 989 967 1074 l
992 988 1090 1064 ἐκτὸς
1113 985 1196 1075 ἔχειν
1220 985 1318 1060 πόδα.

384 1094 436 1158 De
468 1116 528 1158 usu
561 1093 754 1176 proverbiali
794 1114 906 1159 vocum
940 1095 1026 1177 σκιὰ,
1061 1097 1202 1179 καπνὸς,
1236 1093 1375 1184 ὄνειρος
1524 1089 1527 1204 l

295 1202 381 1266 infra
403 1224 435 1286 p.
550 1201 716 1272 disseram,

296 1417 379 1500 §32
441 1413 692 1480 Proverbia
732 1414 782 1478 <lc
821 1415 1012 1495 gentium
1052 1415 1371 1501 hominumque

327 1501 1331 1609 singulorumindolemoribusqucpronipta,

387 1665 502 1748 Argivi
537 1664 673 1729 infames
709 1670 803 1727 erant
834 1663 958 1740 furtim
995 1664 1070 1730 Huc
1103 1673 1230 1748 spectat
1262 1665 1366 1750 Soplr.

298 1775 371 1856 lrgt.
392 1777 475 1836 200:
501 1775 571 1840 καὶ
595 1771 644 1858 *sd
655 1798 673 1856 μ
695 1768 729 1838 ’A
743 1799 761 1858 (ν
772 1797 790 1858 γ
803 1799 815 1838 r·
829 1777 839 1838 ί
849 1799 867 1837 o
880 1798 925 1846 rr
949 1769 967 1838 d
978 1799 996 1858 μ
1007 1779 1044 1853 ὠ,
1070 1793 1133 1854 quo
1151 1772 1191 1836 de
1208 1773 1366 1840 versiculo

298 1881 378 1946 baec
401 1879 553 1962 leguntur
584 1878 617 1942 iu
651 1877 739 1962 App.
769 1899 858 1960 prov.
884 1877 951 1957 Ill,
986 1882 1048 1948 35:
1082 1883 1205 1967 εἴρηται
1240 1885 1274 1948 ol
1309 1883 1366 1950 ἐπὶ

296 1996 365 2056 τῶν
389 1991 531 2062 ἐκτενῶς
564 1983 679 2054 ὁτιοῦν
713 1987 909 2068 βλεπόντων
942 1991 995 2054 καὶ
1029 1987 1300 2076 καταπλὴκνικόν
1320 2003 1366 2056 ’τι

296 2094 491 2164 δὀκωῖντων
523 2090 611 2179 tiocia
665 2094 697 2160 οἱ
720 2096 755 2161 δὲ
782 2097 836 2161 r'rrl
871 2102 939 2162 των
972 2097 1017 2168 εἰς
1045 2091 1175 2181 κλοπὴν
1202 2093 1364 2164 rimanor-

295 2206 404 2289 μένων
460 2206 700 2286 κωμῳδοῦνται
734 2201 793 2286 γὰρ
814 2199 950 2288 Ἀργεῖοι
983 2204 1037 2270 ἐπὶ
1061 2210 1179 2288 κλοπῇ,
1213 2202 1364 2286 idemque

296 2309 363 2372 fere
387 2306 474 2390 apud
499 2305 587 2372 Suid.
614 2328 638 2376 s.
660 2304 823 2393 Ἀργείους
856 2305 934 2394 ὁρᾷς
967 2316 999 2372 et
1031 2331 1082 2391 ap,
1108 2309 1194 2375 Mac.
1227 2309 1274 2391 ΙΙ,
1308 2313 1361 2379 38,

296 2413 444 2497 Utraque
487 2420 595 2478 autem
629 2413 812 2496 explanatio
845 2414 930 2478 hunc
971 2415 1003 2477 in
1037 2415 1166 2480 modum
1200 2417 1231 2479 in
1265 2439 1362 2480 unam

296 2521 519 2605 coniungenda
536 2519 784 2604 videturPapeo
801 2520 905 2587 iudice
930 2522 1007 2606 (vid.
1023 2522 1132 2594 Lexic,
1151 2545 1176 2588 s.
1193 2521 1362 2611 'iloyriodz

296 2631 351 2696 ubi
385 2631 455 2713 quis
480 2628 619 2712 Argivos
651 2629 738 2694 fures
762 2629 936 2695 infamatos
968 2630 1108 2711 videbat,
1144 2655 1207 2696 non
1242 2631 1363 2696 rnedio-

296 2740 392 2804 criter
415 2738 565 2821 stupebat
587 2746 743 2818 metuens,
777 2758 816 2802 ne
839 2737 884 2802 illi
910 2737 968 2802 sibi
994 2739 1071 2821 quid
1094 2739 1170 2803 mali
1194 2739 1360 2804 inferrent.

194 2869 201 2881 ’
296 2847 420 2913 Contra
444 2845 576 2911 Orosius
599 2844 620 2914 l.
646 2865 671 2909 c.
697 2868 728 2928 p,
758 2849 818 2908 151
845 2845 1039 2928 suspicatur,
1065 2847 1201 2911 alteram
1225 2846 1362 2930 explica·

295 2955 414 3021 tionem
439 2973 508 3018 esse
541 2951 717 3034 tragoediis
753 2953 1039 3034 accommodatam,
1081 2953 1234 3033 „alteram
1267 2976 1287 3017 a
1310 2975 1362 3018 co·

296 3062 417 3127 moedis
442 3062 612 3144 repetitam
637 3060 866 3142 tragoedorum
883 3082 992 3124 versus
1017 3061 1059 3124 ad
1080 3061 1167 3125 aliud
1192 3083 1360 3144 argumen-

295 3179 363 3235 tum
387 3170 491 3234 facete
516 3167 812 3252 detorquentibus.“

383 3277 578 3359 Argivorum
598 3274 853 3357 breviloquentia
876 3297 940 3339 non
960 3276 1064 3339 minus
1082 3298 1177 3358 quam
1194 3275 1359 3343 Laeonum

295 3383 541 3470 proverbialiter
565 3383 692 3447 videtur
716 3383 880 3446 celebrata
905 3403 994 3452 esse:
1028 3383 1104 3447 salis
1137 3383 1266 3465 quidem
1291 3392 1361 3448 erat

294 3499 380 3558 nota.
430 3489 711 3574 Vid,Erosn1.p,
744 3493 818 3560 574,
865 3488 1063 3570 Argivorum
1092 3511 1148 3552 rex
1181 3500 1369 3573 ‚postquam

294 3600 410 3664 Danao
426 3599 562 3680 filiisque
580 3595 778 3681 supplicibus
803 3596 907 3678 gentis
932 3618 1010 3660 snae
1028 3597 1182 3677 originem
1202 3598 1358 3680 exposuit,

296 3708 473 3772 orationem
499 3706 628 3771 brevem
652 3705 722 3770 finit
746 3704 931 3784 admonens,
958 3711 994 3768 ut
1017 3705 1094 3770 item
1110 3703 1250 3769 breviter
1275 3704 1360 3769 unde

294 3816 436 3898 ipsarum
461 3815 504 3878 sit
529 3815 619 3898 origo
644 3812 879 3896 respondeant,
914 3833 998 3892 nam,
1033 3819 1069 3876 ut
1093 3817 1142 3876 est
1173 3812 1205 3874 in
1238 3812 1358 3881 Aesch.

295 3921 405 4007 Suppl.
433 3927 507 3991 273:

444 4030 570 4117 μακράν
595 4055 627 4114 γε
653 4033 712 4114 μὲν
737 4025 777 4112 dr}
794 4028 888 4116 ῥῆσιν
906 4023 944 4093 oe'·
969 4033 1096 4112 ora'pyar
1118 4026 1214 4102 ,πόλις

294 4141 350 4213 (so,
360 4136 578 4224 Argivorum).
596 4135 754 4218 [demque
769 4137 832 4200 iam
844 4141 940 4199 ardea
957 4134 1092 4198 Daunus
1104 4133 1175 4198 liliis
1193 4139 1356 4197 struserat:
