3116 4996
681 509 876 568 48-

246 693 377 783 reeepta
401 700 442 764 ab
466 700 568 782 poetis
586 721 626 764 au
643 697 705 782 ipsi
720 705 870 782 parentes
887 695 1006 761 fuerint
1023 697 1182 763 dictorum
1200 683 1315 782 pbstea

246 808 279 872 in
303 806 474 890 proverbia
495 806 725 890 prefectorum,

338 913 502 998 Optimum
514 913 590 978 duxi
599 912 770 997 proverbia
784 914 832 977 ita
843 912 999 996 digerere,
1019 919 1054 978 ut
1065 921 1162 996 ceput
1177 915 1314 997 primum

247 1021 534 1104 comprehenderet
544 1021 713 1104 proverbia
724 1030 755 1085 et
765 1021 942 1084 locutiones
959 1020 1232 1106 metaphorasque
1243 1043 1315 1105 pro·

246 1129 402 1193 verbiales
414 1150 452 1192 ex
462 1129 604 1193 sontibus
616 1127 808 1210 quibusdam
818 1129 975 1212 profecta,
987 1130 1019 1190 in
1031 1128 1133 1191 altero
1144 1135 1253 1192 autern
1265 1149 1315 1192 ea-

246 1239 312 1322 pite
324 1243 496 1302 tractarem
507 1236 681 1300 sententias
693 1235 935 1320 proverbiorum
945 1234 1016 1299 loeo
1028 1233 1204 1305 habendas,
1221 1233 1316 1299 Secu-

203 1338 204 1348 ’
249 1357 301 1410 tus
312 1345 409 1427 igitur
425 1365 493 1408 sum
505 1365 559 1408 eas
569 1346 720 1424 rationes,
738 1364 818 1425 quas
833 1341 952 1406 Zellius
966 1342 976 1406 1
994 1363 1018 1410 e.
1041 1342 1151 1407 docuit
1167 1351 1198 1406 et
1211 1343 1316 1406 Bauc-

247 1452 317 1516 kius
337 1451 457 1534 primus
469 1451 500 1514 in
512 1449 738 1514 dissertatione
758 1471 817 1513 sua
832 1449 999 1518 adhibuit.
1030 1447 1189 1531 Quoniam
1209 1459 1317 1514 autem

246 1557 316 1623 fieri
332 1578 397 1621 non
413 1557 528 1640 potuit,
556 1559 631 1640 quin
656 1557 811 1636 nonnulla
836 1557 1007 1639 proverbia
1032 1558 1136 1622 forma
1161 1560 1193 1622 in
1220 1558 1316 1623 eliam

247 1672 384 1750 partem,
402 1667 434 1729 in
445 1666 542 1744 aliam
556 1686 591 1728 re
603 1673 709 1729 essent
724 1663 905 1744 inserenda,
920 1667 967 1729 ita
975 1665 1100 1729 institui
1111 1665 1264 1747 ordinem,
1282 1673 1318 1728 ut

248 1771 407 1856 proverbii
432 1771 660 1836 tractationem
686 1770 866 1836 uberiorem
882 1792 919 1835 eo
944 1773 1014 1836 loeo
1040 1771 1227 1854 proferrem,
1254 1794 1316 1856 quo

247 1880 449 1963 potissimum
482 1878 643 1963 pertinere
671 1878 843 1962 videretur,
877 1879 954 1946 alibi
986 1886 1093 1944 autem
1127 1879 1168 1944 ad
1201 1880 1318 1945 similia

180 2019 182 2026 v
249 1996 282 2053 et
305 1987 415 2052 affinia
439 1994 563 2052 tantum
594 1985 786 2068 delegarem,
834 1985 1007 2052 Particulis
1041 1987 1232 2070 quibusdam
1266 2009 1317 2052 co-

248 2101 347 2178 gnata
364 2095 501 2159 annexui
513 2116 569 2177 per
585 2116 619 2159 se
636 2093 692 2158 alii
709 2095 793 2176 parti
811 2093 1027 2176 attribuenda,
1046 2117 1086 2159 ne
1103 2092 1186 2177 quae
1202 2102 1319 2160 natura

249 2211 356 2266 essent
384 2203 555 2286 conjuncta
589 2201 809 2286 disputatione
842 2201 1079 2274 divellerentur,
1128 2201 1220 2284 Quae
1244 2225 1318 2267 vere

250 2308 418 2391 nequead
443 2315 565 2372 certum
590 2330 689 2390 genus
713 2308 827 2372 referri
852 2329 956 2392 neque
980 2309 1034 2374 alii
1059 2309 1229 2391 proverbio
1247 2309 1320 2374 sub·

246 2417 338 2500 jungi
369 2436 463 2498 posse
497 2414 698 2495 videbantur,
732 2416 763 2478 in
806 2415 912 2497 prima
945 2424 1038 2498 parte
1079 2418 1192 2498 capitis
1232 2419 1321 2480 tertii

250 2524 463 2608 complectar3
488 2523 627 2604 denique
649 2523 683 2584 in
708 2522 811 2588 altera
835 2527 928 2606 parte
952 2523 1055 2586 ultimi
1086 2523 1181 2587 huius
1206 2524 1319 2606 capitis

250 2631 310 2694 sub
336 2650 468 2694 examen
502 2629 624 2694 vocabo
649 2628 737 2692 dicta
769 2629 810 2690 ab
836 2629 995 2694 veteribus
1029 2630 1158 2712 quidem
1182 2631 1319 2695 testibus
1392 2717 1393 2722 ἵ

252 2739 467 2805 adnumerata
506 2737 692 2822 proverbiis,
736 2758 871 2824 quorum
907 2739 1043 2819 speciem
1085 2738 1319 2821 proverbialem

250 2868 308 2911 nos
342 2853 449 2911 autem
483 2846 611 2909 omuino
641 2865 704 2906 uon
738 2846 880 2926 capimus
915 2852 971 2908 aut
1003 2868 1100 2928 aegre
1133 2833 1319 2930 conjectura

251 2956 379 3038 assequi
402 2975 596 3038 possumusu

340 3060 405 3128 Sed
429 3083 501 3125 enm
525 3061 629 3124 maior
653 3060 694 3124 sit
717 3060 820 3142 copia,
847 3083 945 3143 quarn
969 3068 1005 3125 ut
1029 3060 1146 3141 omnia,
1172 3082 1256 3143 quae
1281 3061 1320 3124 de

251 3169 427 3252 proverbiis
462 3169 550 3252 apud
582 3170 723 3251 tragicos
749 3165 894 3232 Graecos
928 3167 1028 3232 obviis
1059 3169 1203 3248 disserui,
1237 3190 1321 3231 nunc

251 3279 335 3360 typis
360 3276 569 3341 exscribenda
593 3297 706 3338 curare
729 3276 858 3356 possim,
893 3276 924 3338 in
948 3297 1101 3358 praesens
1137 3285 1234 3358 caput
1258 3277 1321 3361 pri-

251 3407 337 3449 mum
362 3384 480 3467 publici
504 3385 580 3447 iuris
605 3383 732 3463 faciam,
758 3379 892 3466 sperans
915 3407 966 3448 me
991 3386 1054 3448 alio
1080 3393 1224 3468 tempore
1248 3385 1321 3449 reli·

252 3514 316 3574 qua
348 3493 377 3554 in
412 3491 524 3572 vulgus
558 3512 627 3554 esee
660 3489 831 3561 editurum,
903 3491 1015 3574 Atque
1057 3493 1090 3554 in
1122 3491 1185 3555 hoc
1216 3494 1322 3574 eapite

252 3601 391 3684 primurn
425 3596 596 3680 disputabo
631 3595 670 3660 de
703 3598 880 3678 proverbiis
914 3622 953 3663 ex
986 3599 1172 3662 animalium
1205 3606 1323 3663 natura

252 3707 372 3790 petitis,
398 3705 573 3770 seeundum
598 3705 638 3768 sle
659 3727 748 3788 prov,
773 3727 812 3768 ex
836 3696 943 3770 rerum
966 3707 1179 3770 inanimarum
1203 3718 1322 3770 natura

252 3815 399 3898 sumptis²
434 3814 566 3878 tertium
599 3812 657 3876 sub
683 3834 816 3877 examen
840 3813 962 3877 vocabo
997 3834 1084 3895 prov.
1117 3812 1321 3894 degentium

252 3922 483 4004 hominumque
523 3920 722 4002 singulorum
760 3920 869 3984 indole
907 3920 1114 4002 moribusque
1159 3926 1321 4002 prompta,

254 4035 404 4112 ‹prartum
427 4027 622 4110 proferenda
646 4036 739 4092 eruut
762 4043 850 4109 prov.
870 4049 908 4092 ex
924 4026 1042 4090 fabulis
1065 4035 1151 4106 nata,
1178 4026 1322 4108 quintum

254 4137 391 4218 denique
415 4135 571 4200 disseram
596 4133 635 4198 de
659 4155 748 4216 prov.
787 4157 824 4198 ex
848 4133 1114 4218 occupationibus
1139 4135 1222 4198 vitae
1246 4134 1323 4200 coti-

255 4245 371 4311 dianae
394 4244 614 4330 institutisque
638 4241 809 4307 socialibus
834 4241 923 4310 ortis.
