3116 4996
625 493 845 556 ..37ὴ

149 661 152 668 ¹
203 687 269 752 Pro
319 694 492 761 θεσσαλοῖς
530 684 734 750 scribendum
783 707 850 750 esse
902 693 1074 755 Θεσσαλων
1120 685 1270 752 viderunt

203 793 439 862 Valckenarius
465 799 497 857 et
520 791 797 863 Hemsterhusius
846 791 952 857 Affert
983 788 1119 858 eunderir
1143 813 1268 857 versum
1339 793 1342 798 '

203 901 303 972 schol.
337 900 441 965 Arist,
476 897 561 964 Plut.
599 900 618 969 l.
644 921 668 969 ο,
703 898 845 971 addens:
887 899 1118 983 διαβάλλοντιιι
1159 906 1193 970 δὲ
1237 902 1270 968 οἱ

208 1013 366 1077 Θετταλοὶ
390 1005 435 1084 ιὸς
450 1004 710 1094 ἀνδραποδισταὶ
726 1012 780 1075 καὶ
797 1011 1038 1094 αἰσχροκερδεῖς
1053 1013 1106 1076 καὶ
1125 1004 1267 1080 ι’ἔτιισνοι.

205 1114 352 1198 Denique
385 1121 616 1198 comparentur
640 1114 763 1178 Xerxis
795 1111 894 1184 illud:
928 1119 1027 1199 σοφοὶ
1060 1110 1177 1202 ἄνδρες
1209 1119 1267 1183 εἰσὶ

207 1227 360 1290 θεσσαλοὶ
393 1240 540 1304 quaeque
575 1215 764 1285 Herodotus
796 1219 884 1303 VII,
921 1223 985 1288 130
1026 1220 1066 1284 de
1106 1220 1266 1303 colloquio

205 1326 380 1392 Persarum
403 1328 488 1409 regis
513 1334 545 1393 et
568 1325 797 1394 Thessalorum
820 1325 966 1394 tradidit.
992 1365 1033 1375 —

292 1451 392 1536 Saph,
409 1452 482 1534 frgt.
500 1458 584 1520 878:
606 1448 688 1522 ὅταν
706 1478 754 1529 τις
771 1449 833 1540 ᾄδῃ
850 1450 911 1523 τὸν
923 1461 979 1521 Bo
990 1450 1037 1521 ιω’
1048 1481 1145 1524 τιον
1162 1450 1267 1544 νόμον

203 1561 342 1644 pertinet
375 1558 416 1623 ad
454 1557 584 1632 modurn
620 1561 776 1625 musicum
800 1559 1001 1643 Boeotiaum,
1041 1582 1134 1642 quem
1167 1563 1266 1628 talem

201 1667 300 1731 fuisse
343 1666 468 1749 dieunt,
503 1675 539 1731 ut
568 1667 659 1732 initio
700 1665 828 1750 quidem
862 1668 989 1749 quietus
1023 1677 1120 1752 esset,
1152 1676 1267 1752 postea

202 1795 276 1840 vero
300 1775 400 1856 magis
424 1774 591 1856 magisque
614 1773 657 1838 ad
681 1795 822 1838 summos
846 1774 980 1839 ardores
1004 1781 1143 1858 raperet.
1191 1777 1265 1844 Vid.

201 1881 316 1947 Plehn.
359 1881 556 1963 „Lesbiaea“
597 1905 628 1964 p.
671 1884 743 1946 161.
803 1881 952 1946 Meminit
989 1883 1056 1946 eius
1093 1882 1265 1967 Aristoph‚

202 1990 346 2055 Acharn.
375 1994 430 2054 14:
474 1991 627 2072 Δεξίθεος
650 1989 773 2075 εἰσῆλθ’
812 1985 971 2076 ᾀσόμενος
1001 1988 1172 2073 Βοιώτιον,
1212 1990 1266 2055 ubi

202 2097 313 2166 scholi.
347 2095 466 2162 docent
499 2093 538 2158 de
562 2087 744 2177 Terpaadri
778 2115 873 2159 aomo
905 2095 1027 2160 musico
1059 2097 1266 2178 cogitandum

201 2225 279 2270 esse.
340 2203 392 2268 Da
431 2201 593 2285 proverbii
633 2203 662 2265 vi
694 2202 771 2271 Zea.
807 2201 861 2284 ΙΙ,
905 2207 945 2267 65
986 2202 1066 2267 haec
1098 2203 1264 2288 perhibet:

202 2304 363 2387 Ιῖοιιότιος
395 2311 505 2398 νόμος·
539 2314 593 2380 ἐπὶ
626 2317 695 2379 uuir
729 2309 788 2386 τὰς
819 2313 879 2397 μὲν
912 2307 1012 2398 ἀρχὰς
1044 2308 1264 2399 ἠρεμούντων,

202 2415 339 2505 ὕστερον
364 2422 398 2487 δὲ
425 2434 495 2494 τοῖς
519 2433 633 2494 κακοῖς
656 2417 910 2497 ἐσιτεινόντιονς
936 2417 1022 2490 Plut,
1040 2438 1129 2501 prov.
1158 2419 1185 2501 I,
1212 2424 1264 2504 77,

199 2525 317 2609 Apost.
345 2526 382 2595 V.
407 2529 438 2605 4,
473 2523 561 2596 Suid,
596 2547 620 2596 s,
646 2548 673 2597 v,
698 2525 860 2596 scribunt:
895 2528 948 2593 ἐπὶ
983 2533 1051 2594 τῶν
1075 2526 1133 2603 τὰς
1166 2525 1267 2614 ιἰρχάς

199 2637 258 2720 μὲν
283 2631 440 2722 ἡρεμαιίος
463 2633 618 2719 ἐχόντων,
644 2625 742 2709 αὖθις
759 2637 793 2702 δὲ
820 2639 975 2720 σφοδροῖς
992 2636 1266 2721 ἐπιγιγνομένων·
1351 2677 1354 2684 .

201 2735 241 2804 G.
260 2738 296 2804 Ο.
322 2739 350 2820 Ι,
377 2744 418 2804 92
443 2738 528 2823 (eall.
547 2739 654 2822 Mosq.
673 2740 719 2820 II,
745 2739 801 2826 47)
827 2747 860 2805 et
882 2739 1265 2825 Ma0,11,aadenique:

199 2847 253 2914 ἐντὶ
272 2854 341 2916 τῶν
358 2846 432 2914 κατ’
456 2843 555 2932 ἀρχὰς
577 2841 798 2934 ἠρεμούντων,
822 2844 958 2932 ὕστερον
978 2853 1012 2917 di
1032 2849 1266 2935 ταρασσόντων

128 2955 132 2962 ’
199 2954 277 3038 (siva
288 2953 562 3040 ταρασσομένων).
590 2950 681 3037 Quae
698 2962 806 3019 autem
823 2955 901 3020 Zen.
920 2956 938 3024 l.
957 2976 982 3019 ο.
995 2954 1126 3021 adiecit:
1143 2958 1265 3043 εἴρηται

202 3063 236 3128 δὲ
263 3089 281 3148 ιι
305 3066 469 3147 παροιμία,
503 3058 654 3147 παρόσον
670 3063 822 3131 ’Βοιωτοὶ
846 3059 1015 3150 πρότερον
1039 3069 1113 3146 βίον
1137 3061 1265 3134 rituam·

200 3172 255 3235 καὶ
279 3163 398 3253 ἤρεμον
412 3169 564 3253 ’ἔχοντες
587 3165 669 3255 μετὰ
694 3170 850 3256 τελευτὴν
866 3174 970 3238 Λαΐου
993 3180 1128 3248 πολλοῖς
1152 3188 1287 3248 κακοῖς,

198 3279 395 3360 περιέπεσον
419 3274 644 3341 alucinationis
668 3277 805 3360 speeiem
830 3297 908 3361 prae
932 3299 966 3342 se
990 3277 1107 3346 ferunt.
1134 3317 1173 3326 —-

288 3379 526 3463 Aegyptiorum
550 3382 675 3447 animus
692 3381 917 3449 fraudulentus
934 3393 967 3450 et
983 3384 1112 3451 dolosus
1137 3406 1264 3468 prover·
1281 3417 1283 3423 ·

198 3484 285 3550 bium
309 3488 515 3571 excitaverat,
540 3488 627 3570 quod
650 3490 784 3571 legimus
808 3493 840 3555 in
865 3492 983 3562 Aeseh.
1008 3491 1082 3576 frgi,
1108 3497 1189 3562 363:

268 3599 413 3664 δεινοὶ
437 3600 623 3666 ιιλίκειν
648 3624 717 3665 τοι
740 3596 935 3685 μηχανὰς
958 3600 1209 3685 Αἰγύπτιοι.

198 3699 377 3784 Explicant
409 3701 478 3766 Zeu
522 3701 588 3784 III,
617 3708 673 3786 37,
707 3705 803 3788 Diog.
830 3704 891 3787 IV,
926 3711 984 3787 35,
1008 3706 1095 3778 Mae.
1117 3705 1184 3790 III,
1211 3711 1263 3787 al,

200 3808 347 3891 Apostol.
388 3809 434 3892 V,
476 3815 536 3881 95:
583 3813 637 3880 ι’νιὶ
684 3820 753 3882 τοῖν
800 3812 929 3899 σφόδρα
975 3815 1263 3900 κακονργοτάτιον·
1343 3807 1346 3816 ’

203 3925 351 3984 τοιοῦτοι
368 3917 428 4004 γὰρ
445 3920 477 3985 οἱ
490 3918 667 4004 Αἰγιῖνιτιοι
677 3947 686 4004 ,·
697 3917 737 4010 G
750 3917 786 3985 C.
799 3918 837 3984 Ιι.
848 3919 877 4001 Ι,
890 3925 931 3984 88
949 3927 981 3984 et
1001 3918 1042 3992 G.
1055 3919 1205 3994 C.M‚II,
1222 3927 1264 3986 84

199 4024 375 4089 omiserunt
397 4024 707 4108 interpretationem.
753 4024 879 4092 Passim
903 4026 1055 4111 adagium
1078 4028 1166 4112 apud
1184 4028 1263 4096 alios

198 4137 346 4213 auctores
363 4153 528 4214 recurrere
545 4132 682 4213 adnatat
697 4133 875 4216 Nauekius.
908 4134 948 4212 In
965 4134 1064 4235 Soph,
1089 4134 1165 4234 srgt.
1183 4139 1263 4212 36&
