3116 4996
604 482 849 582 441-

205 707 329 794 Mysus,
368 731 461 792 quem
485 709 602 774 nullius
626 710 722 794 pretii
746 731 815 774 esse
830 716 941 774 uotum
958 715 1017 780 est.
1064 709 1271 774 Hancinter-

206 816 422 898 pretationem
445 815 641 882 scholiastae
665 817 866 900 probandam
891 839 961 882 esse
985 839 1109 899 censen,
1132 815 1269 882 alteram

207 929 325 1003 autem,
344 943 441 1006 quam
457 923 592 1009 profert,
611 947 719 990 eorum
738 926 871 1008 quinon
889 926 1129 1008 interpungunt,
1154 923 1269 989 refuto.

206 1027 323 1112 Neque
347 1031 450 1097 minus
482 1033 639 1116 improbo,
673 1032 760 1115 qnod
793 1033 981 1097 scholiastes
1017 1041 1049 1097 et
1080 1033 1271 1114 interpretes

211 1143 421 1223 suspicantur,
447 1145 579 1222 poetam
604 1139 644 1204 ad
669 1139 890 1222 pervulgatum
908 1141 1111 1225 prouerbium
1137 1143 1273 1226 ἔσχατος

212 1255 336 1318 Monet
371 1245 424 1332 (de
449 1269 512 1329 quo
536 1247 598 1316 rid,
621 1245 710 1330 App,
735 1247 824 1332 prov,
848 1247 895 1330 II,
922 1253 981 1327 853
1013 1247 1045 1310 D
1081 1247 1111 1314 V
1145 1245 1270 1328 11,47‚

209 1351 301 1438 alios)
325 1353 468 1419 alludere
485 1354 631 1424 voluisse.
678 1353 827 1423 Minime:
852 1354 883 1417 in
901 1361 1022 1418 tantam
1040 1352 1271 1436 turpitudinem

210 1460 357 1524 abierant
390 1459 493 1542 Mysi,
532 1467 568 1524 ut
599 1459 703 1524 solum
734 1482 849 1525 nomeu
884 1458 999 1536 llluodc
1029 1458 1285 1543 proverbialiter.

208 1566 402 1649 significaret
449 1566 610 1632 hominem
649 1564 787 1644 addenda·
833 1569 932 1655 λόγον
979 1564 1078 1652 ἄξιον.
1155 1567 1272 1651 Neque

209 1672 371 1756 discrepat
409 1673 630 1739 Romanorum
663 1696 758 1738 usus:
802 1673 841 1744 cf.
866 1672 932 1738 (lic.
965 1677 1056 1758 epist,
1089 1674 1131 1738 ad
1161 1673 1272 1757 Quint,

208 1779 301 1852 fratr,
334 1780 362 1862 I,
399 1786 436 1862 l,
455 1785 515 1851 19:
552 1783 632 1863 „nisi
665 1781 748 1846 forle
781 1803 831 1845 me
865 1780 999 1846 Paeonii
1032 1783 1138 1846 nescio
1171 1781 1271 1861 cuiue,

209 1887 346 1951 bominis
370 1909 410 1952 ne
435 1886 553 1954 Graeci
579 1888 707 1970 quidem
732 1909 770 1952 ne
794 1887 880 1970 Mysi
912 1897 968 1953 aut
993 1887 1129 1971 Phrygis
1154 1890 1270 1972 potine,

210 1993 347 2077 querelis
371 1999 491 2059 moveri
514 2000 642 2080 putas“
670 2033 709 2042 -
1250 2001 1254 2005 “

301 2101 383 2168 Cum
415 2102 540 2168 Teucer
571 2103 745 2184 obiurgans
776 2101 961 2170 Menelaum
996 2102 1083 2167 dicat
1114 2103 1147 2166 iu
1171 2101 1272 2186 Soplr,

209 2208 303 2282 Aiac,
330 2215 435 2277 1295:
469 2207 569 2287 solede
594 2239 629 2277 re
651 2211 774 2297 μητρὸς
797 2213 914 2294 ἐξέφυς
942 2199 1145 2298 ’Κρήσσης
1169 2211 1272 2294 ipsum

209 2337 326 2381 nomen
352 2317 499 2405 Κρήσσης
522 2338 587 2381 non
612 2327 746 2381 vacuum
770 2337 839 2381 esse
863 2315 1041 2380 acerbitate
1065 2325 1141 2400 apte
1165 2324 1274 2382 mouet

210 2421 409 2505 Lobeckius‚
451 2423 621 2488 Plutonem
660 2422 796 2488 afferens
828 2425 861 2488 in
896 2425 1043 2511 Ἑορταῖς
1081 2447 1133 2509 ιιρ,
1174 2423 1273 2495 schol,

211 2527 379 2612 Aristoph,
419 2529 481 2600 Av.
516 2535 600 2597 799:
635 2531 696 2600 τὸν
727 2531 926 2618 ,ιιιιιιίἱμενον
961 2532 1021 2601 τὸν
1055 2539 1179 2618 Κρῆτα,
1214 2532 1274 2601 τὸν

212 2637 304 2724 μόγις
324 2635 478 2707 Ἀττικόν
511 2639 680 2720 ipsumque
704 2637 890 2702 Menelaum
916 2639 1075 2726 ῑμιίκριμα
1100 2639 1160 2702 dici
1186 2639 1274 2722 npud

210 2743 415 2828 Lycophron,
441 2747 503 2811 150
539 2783 580 2792 -
852 2805 856 2816 ,

299 2853 352 2920 Ex
391 2875 480 2918 more
519 2853 712 2937 Scytharum
760 2853 893 2936 capillos
941 2875 1043 2935 usque
1087 2853 1128 2918 ad
1168 2861 1273 2917 cutem

210 2959 364 3025 tondendi
389 2960 503 3024 ductus
528 2967 598 3025 erat
621 2960 718 3032 vorbi¹
733 2967 881 3047 σκυθίζω
915 2983 990 3025 usus
1015 2960 1054 3026 de
1078 2961 1127 3041 iis,
1153 2983 1206 3043 qm
1232 2959 1273 3024 ad

210 3065 315 3132 luctus
340 3069 465 3149 signum
489 3069 620 3153 capillos
645 3069 832 3138 tondebant.
879 3069 925 3133 lta
954 3073 1018 3134 ltur
1052 3067 1094 3131 El
1130 3073 1213 3134 241:

277 3181 330 3244 καὶ
355 3185 460 3262 κρᾶτα
483 3173 657 3262 πλόκαμόν
681 3177 710 3243 τ’
735 3179 752 3244 ἐ
760 3199 809 3244 σκ
820 3205 838 3242 r
850 3187 892 3243 lle
903 3199 921 3244 o
931 3204 953 3262 μ
964 3181 980 3244 ι’
989 3203 1008 3244 ν
1019 3204 1036 3244 o
1048 3203 1067 3245 ν
1091 3186 1137 3260 ξι·
1148 3205 1166 3262 ρ
1176 3184 1213 3262 qi.

211 3282 311 3347 eiusd.
337 3282 458 3347 Troad.
488 3289 591 3353 1026:
626 3282 665 3372 ἣν
689 3289 770 3371 χρῆν
796 3340 802 3354 .
827 3340 834 3355 .
860 3333 867 3348 ·
894 3341 899 3354 .

385 3392 509 3478 κρᾶτ’
534 3389 969 3479 ἀπεσκυθισμένην]
994 3395 1113 3472 laeso»,

212 3497 314 3562 simile
339 3497 437 3581 Soph,
463 3497 529 3580 srgt
562 3503 645 3567 429:
670 3505 897 3568 Σκνθιιῑτὶ
925 3497 1164 3586 χειρόμακτρον
1188 3501 1275 3565 ι’κκν·

211 3610 380 3692 κιιρμὲνος,
392 3606 432 3670 de
451 3627 514 3688 quo
533 3605 584 3670 vid
613 3606 753 3688 Hesyclr,
769 3627 792 3677 e.
804 3612 968 3675 Σκυθιστὶ
978 3607 1225 3693 χειρόμακτρον.
1243 3644 1269 3654 -

299 3731 339 3794 In
359 3728 558 3796 Graecorum
582 3731 699 3796 fabulis
717 3731 920 3814 Hyperborei
936 3732 1109 3796 beatissimi
1135 3732 1274 3796 omnium

212 3838 403 3922 populorum
426 3838 708 3922 praedicabantur,
738 3841 792 3922 qui
816 3839 876 3904 sub
901 3840 989 3904 coelo
1015 3861 1139 3924 semper
1163 3861 1274 3903 sereno

213 3952 244 4010 et
273 3945 393 4009 diutius
426 3968 522 4028 quam
558 3948 655 4011 ceteri
686 3947 838 4012 mortales
873 3949 1022 4018 viverent,
1073 3947 1274 4011 Felicitatem

212 4073 323 4118 eorum
357 4052 530 4119 celebravit
557 4054 720 4120 Pindarus
751 4055 782 4117 in
806 4053 902 4138 Pyth,
933 4055 979 4140 X,
1010 4059 1051 4118 30
1078 4075 1147 4153 sqq.
1200 4053 1276 4133 Huq

213 4169 337 4262 spectat
361 4161 479 4246 desub,
505 4160 586 4249 0110,
612 4166 695 4250 3723
