3116 4996
672 482 895 548 ..75-

253 675 346 743 Idem
371 683 403 743 et
419 675 594 760 Sophocles
618 675 701 740 hano
720 676 909 742 sententiam
928 677 1025 743 etiam
1042 679 1109 744 sine
1125 675 1318 764 metaphora

251 790 494 867 expresserunt;

249 891 328 956 Eur.
347 890 421 973 srgt,
440 895 496 963 32:
521 899 643 980 κακῆς
660 888 722 960 ἀπ’
739 889 857 980 ἀρχῆς
872 895 1047 979 γίγνεται
1064 895 1187 963 κακὸν
1203 901 1317 972 τέλος

249 997 374 1068 Phoen.
399 1001 478 1070 814:
503 997 546 1068 οὗ
570 999 638 1086 γὰρ
663 995 683 1066 ὃ
704 997 753 1086 μή
776 999 897 1069 καλὸν
921 996 1059 1068 οὔποτ’
1083 1002 1157 1086 ἔφυ
1186 1004 1315 1072 κἀλόν.
1376 1002 1395 1050 ’-

250 1104 316 1169 Hic
354 1106 437 1172 enim
469 1107 666 1190 exprimitur,
700 1127 764 1170 non
798 1127 893 1189 posse
925 1106 958 1170 id
989 1108 1074 1191 quod
1110 1130 1130 1173 a
1158 1109 1316 1194 principio
1382 1147 1385 1154 ·

250 1232 314 1276 non
338 1212 507 1277 honestum
531 1212 638 1294 fuerit,
663 1212 833 1277 honestum
857 1213 935 1296 fieri,
960 1213 1016 1278 sed
1040 1236 1166 1300 semper
1187 1238 1317 1282 manere

250 1317 465 1400 inhonestum,
490 1319 523 1383 id
548 1319 635 1404 quod
658 1321 822 1403 perspexit
838 1320 933 1403 plane
957 1320 1055 1385 schol.
1102 1321 1236 1387 Minime
1260 1322 1316 1405 igi-

250 1430 303 1488 tur
326 1425 495 1509 probanda
519 1433 567 1490 est
590 1427 775 1490 coniectura
807 1433 866 1509 pro
899 1428 1001 1498 καλόν
1030 1428 1184 1494 inducens
1209 1436 1315 1515 φίλον,

251 1551 347 1612 quam
364 1531 597 1600 Valckenarius
621 1533 798 1616 proposuit,
824 1532 905 1598 falso
923 1536 1095 1617 respiciens
1112 1536 1316 1619 proverbium

249 1635 268 1705 ὅ
296 1667 332 1707 τι
356 1640 492 1724 καλὸν,
524 1646 639 1724 φίλον
670 1637 728 1708 ciri
759 1662 811 1722 ap.
839 1645 914 1712 Eur,
939 1642 1057 1714 Bacch,
1092 1647 1154 1709 881
1188 1651 1220 1708 et
1252 1647 1315 1711 901

250 1743 387 1828 obvium,
414 1745 453 1810 de
478 1768 542 1830 quo
566 1747 629 1812 alio
654 1748 724 1812 loro
748 1748 852 1832 plura.

250 1850 349 1936 Soph,
374 1851 448 1935 frgt.
476 1858 552 1917 747:
583 1857 699 1942 ἔργον
728 1860 769 1924 δὲ
799 1852 951 1932 παντὸς
981 1852 1023 1932 ἢν
1055 1883 1114 1934 τις
1146 1852 1319 1946 ἄρχηται

436 1968 440 1982 ’
585 1969 724 2045 καλῶς,

332 2071 396 2136 καὶ
420 2067 488 2144 τὰς
512 2068 698 2144 antennis
722 2069 829 2145 εἰκός
852 2068 932 2138 ἐσθ’
957 2065 1084 2145 οὕτως
1107 2071 1225 2156 ἔχειν.

250 2172 300 2245 Of,
333 2174 351 2238 I
385 2172 471 2245 Sam.
507 2177 558 2255 2⁴,
596 2178 654 2240 14:
692 2174 769 2254 „das
806 2175 870 2240 alte
903 2174 1100 2259 Spriolnwort
1131 2186 1221 2260 sagt:
1255 2201 1314 2243 von

249 2280 403 2346 Frevlern
450 2281 574 2346 kommt
616 2282 771 2362 Frevel“;
816 2281 1047 2347 nobilissimum
1094 2284 1174 2351 illud
1221 2283 1314 2350 Pauli

250 2388 389 2471 apostoli
407 2389 438 2452 in
449 2389 552 2472 Epist.
566 2387 677 2458 Galat.
689 2389 766 2472 VH,
779 2385 814 2460 7:
832 2386 921 2478 iiycip
937 2388 977 2460 ἰὲν
994 2396 1108 2479 σπείρῃ
1124 2386 1315 2476 ἄνθρωπος,

249 2503 352 2563 τοῦτο
390 2501 444 2564 καὶ
481 2501 611 2582 θερίσει,
650 2495 696 2565 ΙΙ.
731 2495 875 2562 Corinth.
903 2497 969 2582 IX,
1000 2500 1039 2578 6;
1084 2497 1203 2568 Matth,
1239 2497 1314 2580 VII,

251 2607 383 2686 16sqq.,
408 2603 493 2683 XII,
519 2603 681 2688 33311110.
715 2603 773 2684 VI,
806 2607 859 2676 44,
906 2603 958 2668 Ex
986 2626 1103 2688 magna
1124 2604 1315 2670 Latinorum

248 2695 342 2793 copia
365 2731 463 2774 unnm
487 2731 634 2792 appono:
660 2708 724 2774 Cio.
751 2710 792 2775 de
816 2717 897 2776 orat.
922 2711 970 2794 Π,
996 2717 1048 2794 65,
1076 2716 1160 2782 2531:
1189 2718 1245 2794 „ut
1270 2734 1315 2776 se·

249 2823 388 2882 mentem
413 2816 536 2898 feceris,
561 2819 607 2882 ita
630 2822 761 2883 metes.“
789 2855 830 2866 -

336 2923 569 3008 Neoptolemus
585 2934 757 3009 postquam
774 2927 910 3010 aperuit,
936 2947 969 2990 se
985 2925 1186 2990 Philoctetae
1206 2947 1315 2990 arcum

250 3051 318 3095 esse
356 3031 574 3115 redditurum,
622 3032 710 3097 Ulixi
740 3055 811 3098 oum
851 3034 1070 3116 indignatione
1103 3034 1315 3116 interroganti

251 3137 326 3220 quid
351 3139 437 3220 velit,
461 3141 654 3224 respondet:
679 3139 777 3224 Soph¹
802 3139 886 3212 Phil,
914 3143 1018 3207 1238:

332 3269 382 3340 ele
405 3261 509 3334 rerinl
533 3265 644 3347 [leiim
667 3271 720 3335 καὶ
745 3271 814 3352 τρὶς
838 3263 1059 3335 ἀναπολεῖν
1082 3266 1114 3351 μ’
1141 3263 1225 3353 inm

250 3367 452 3454 Quamquam
484 3373 613 3437 notione
645 3374 746 3442 καλόν
778 3373 898 3438 omissa
929 3373 1009 3436 alius
1041 3394 1152 3437 sensus
1183 3371 1314 3456 prodiit,

220 3538 223 3552 ,
249 3485 357 3542 tamen
387 3480 486 3544 verba
526 3480 654 3562 quidem
687 3487 853 3545 mutuatus
887 3502 955 3545 esse
990 3480 1114 3544 videtur
1146 3487 1245 3562 poeta
1277 3501 1315 3543 ex

248 3585 417 3667 proverbio
443 3587 536 3652 obvio
561 3609 613 3671 ap.
638 3587 723 3657 Plat.
748 3587 875 3654 Pnileb.
903 3593 944 3652 60
964 3587 1013 3652 A:
1039 3579 1075 3656 mi
1096 3584 1144 3674 δ”ἡ
1159 3591 1316 3673 παροιμία

250 3698 346 3761 δοκεῖ
374 3696 467 3780 ἔχειν,
505 3696 545 3763 τὸ
580 3702 634 3765 καὶ
672 3702 722 3774 δὶς
761 3703 814 3766 καὶ
857 3702 926 3782 τρὶς
962 3697 1000 3764 τό
1031 3723 1067 3782 ys
1099 3704 1206 3763 aelric
1238 3698 1315 3781 ἔχον

249 3799 468 3871 troarnense>
493 3803 650 3890 τῷλόγῳ
676 3809 753 3886 δεῖν,
778 3804 867 3868 euius
893 3803 1086 3868 sententiam
1116 3801 1186 3866 aliis
1210 3801 1314 3865 verbis

250 3925 432 3988 expressam
456 3911 631 3992 reperimus
656 3910 697 3973 ab
722 3909 834 3974 eodem
862 3908 962 3992 Gorg.
987 3915 1052 3977 498
1070 3910 1108 3991 Ε,
1134 3909 1234 3992 Legg,
1252 3909 1314 3992 Vl,

251 4016 314 4078 754
336 4013 376 4096 B,
402 4013 488 4097 XII,
524 4021 585 4082 756
612 4013 650 4100 E,
682 4015 767 4081 unde
792 4024 1020 4100 excerpserunt
1047 4016 1125 4082 Zen.
1151 4016 1218 4098 ΠΙ,
1253 4020 1312 4096 33;

248 4119 345 4218 Diog.
369 4121 429 4204 IV,
457 4124 517 4194 20:
543 4129 592 4201 ete
616 4128 669 4193 καὶ
696 4128 765 4214 τρὶς
790 4123 828 4192 τὸ
852 4124 962 4194 καλόν·
988 4119 1040 4192 ὅτι
1063 4123 1123 4226 χρὴ
1146 4127 1220 4211 περὶ
1246 4129 1314 4206 τῶν
