3116 4996
694 425 912 492 μοι)...

357 633 544 709 caradoc
569 618 694 707 δονις
717 631 807 699 πῶς
830 619 880 692 dn
904 620 1085 710 ἁγνεύοι
1109 623 1275 709 φαγών,-

354 739 427 807 nuic
452 727 483 798 δ’
509 727 551 800 δν
574 739 687 818 γαμῶν
712 727 858 800 δκονοιιν
882 727 1025 806 ι’ἱκοντος
1048 731 1175 818 πατρὸς

353 835 451 918 ἁγνὸς
474 836 590 926 γένοιτ’
616 834 675 922 dtu·
1130 849 1134 856 ’

353 946 450 1011 Hanc
482 947 687 1027 locutionem,
722 967 805 1029 quae
838 945 914 1010 alibi
947 953 1074 1010 exstare
1108 966 1172 1009 non
1196 945 1331 1025 videtur,

264 1074 333 1117 osse
358 1052 602 1136 proverbialem,
636 1074 674 1116 ex
707 1052 795 1137 App.
821 1069 908 1136 prov,
934 1051 1001 1134 ΙΙΙ,
1025 1054 1068 1120 55
1097 1052 1154 1138 (z
1177 1051 1264 1123 Mac.
1290 1053 1331 1134 V,

263 1159 339 1247 36):
364 1161 456 1228 κύων
488 1160 588 1236 κυνὸς
621 1157 682 1246 οὔχ
704 1156 852 1228 ἅπτεται
908 1161 961 1228 ἐπὶ
996 1168 1064 1229 τοῖν
1098 1159 1175 1236 τοδι,Ι
1199 1157 1332 1246 ὁμοίους

263 1272 532 1353 οινλιιττομέικον,
558 1273 589 1332 et
614 1288 652 1330 ex
673 1265 805 1333 Cratino
831 1266 896 1351 (ap.
910 1267 1050 1337 Varron.
1074 1265 1113 1338 L,
1131 1265 1262 1348 LVII,
1275 1267 1331 1353 31)

211 1443 215 1452 ,
266 1375 373 1454 „oanis
410 1375 555 1440 caninam
590 1395 655 1438 non
690 1377 757 1438 est“
784 1374 916 1439 conicio.
962 1372 1056 1440 idem
1081 1374 1188 1440 valent
1211 1375 1330 1447 Horat.

262 1481 368 1566 Epod.
397 1480 458 1560 Vll,
486 1484 549 1547 11:

422 1588 537 1672 Neque
561 1590 612 1654 hic
635 1590 719 1674 lupis
744 1611 812 1653 nvos
837 1611 895 1654 nec
919 1590 980 1654 suit
1002 1588 1147 1654 leonibus

422 1717 584 1779 nunquam
609 1698 670 1761 nisi
693 1699 726 1761 in
750 1696 860 1780 dispar
885 1698 970 1778 seria,

261 1811 294 1867 ot
317 1802 469 1874 Juvenal.
496 1804 563 1874 Sat.
588 1804 669 1886 XV,
698 1805 778 1870 159:
855 1883 859 1890 ι

442 1911 548 1995 parcit
571 1909 586 1997 s
610 1913 754 1993 cognatis
779 1910 911 1976 maculis
936 1912 1047 1978 similis
1072 1911 1150 1976 fora.

350 2016 470 2088 Aesch,
494 2016 613 2099 Agam
637 2021 703 2084 394
727 2019 850 2088 verbis:

474 2125 628 2193 διώκει
652 2141 755 2202 τοῖς
778 2127 981 2196 occurrit·
1006 2123 1130 2212 δμνιν

258 2250 388 2332 iudicat,
422 2247 534 2313 Parim
566 2250 676 2314 inania
710 2271 863 2335 sperasse,
898 2272 970 2314 cum
994 2249 1155 2314 Helenam
1179 2257 1325 2332 raperet:

258 2359 350 2440 quasi
375 2357 510 2422 stultum
533 2377 679 2439 puerum,
714 2358 770 2440 qui
794 2357 937 2421 volantia
960 2365 1100 2421 sectetur
1130 2358 1150 2427 i.
1175 2378 1201 2428 e,
1227 2377 1325 2420 vanas

257 2488 317 2548 rea,
344 2466 428 2531 unde
451 2487 516 2530 non
533 2463 630 2529 modo
646 2465 750 2530 nullos
767 2465 890 2530 fructus
913 2472 1122 2549 percepturus
1140 2466 1190 2545 sit,
1215 2487 1324 2530 verum

257 2576 353 2639 etiam
380 2573 507 2644 damna,
554 2571 666 2654 Pergit
690 2573 773 2637 enim
796 2581 913 2656 poeta:

286 2667 287 2672 ἵ
364 2682 458 2750 πόλει
482 2680 537 2765 (sc¹
564 2679 695 2766 Troiae)
720 2677 913 2768 nodorprpp’
939 2676 1086 2766 viprpror
1109 2684 1226 2756 ἐνθείς.

345 2789 483 2855 Versum
507 2787 596 2851 ilium
620 2787 797 2871 proverbiis
822 2809 891 2851 esse
914 2786 1129 2867 inserendum,
1155 2787 1259 2852 elucet
1283 2809 1322 2852 ex

255 2896 373 2978 Apost,
398 2894 483 2976 XII,
514 2899 595 2964 100:
629 2891 717 2981 δονις
743 2905 859 2981 ζητεῖς,
892 2891 1032 2981 ἀνέμους
1055 2895 1234 2982 bipartitum·
1268 2898 1321 2963 ἐπὶ

255 3011 324 3071 τῶν
340 3003 446 3090 μάτην
470 3001 670 3072 κοτεόντων.
718 2999 827 3067 Simile
852 3012 901 3066 est
923 3000 1009 3071 Plat,
1035 3001 1200 3094 Euthypb,
1224 3007 1245 3066 4
1269 3002 1319 3067 A:

255 3110 440 3195 ascripserim
465 3137 538 3179 τινα
555 3110 682 3191 διώκεις
707 3117 738 3174 ct
749 3109 854 3173 Arist.
874 3105 1112 3191 Meropum,
1131 3113 1151 3176 5
1169 3109 1320 3176 derebus

254 3216 398 3280 obscuris
424 3223 455 3280 ct
480 3237 560 3298 quas
590 3216 811 3280 difficillimum
842 3217 883 3280 sit
906 3217 1126 3299 pervestigare
1150 3218 1195 3281 sic
1218 3218 1320 3302 loqui·

253 3331 324 3393 tur:
360 3323 399 3391 rb
424 3324 483 3410 γὰο
510 3325 548 3392 τὰ
573 3325 740 3411 πετόμενα
765 3323 897 3392 διιδκειν
922 3323 961 3390 τὸ
987 3334 1095 3410 ζητεῖν
1123 3321 1164 3392 δν
1188 3328 1235 3411 εἴη
1260 3323 1319 3414 τὴν

252 3427 415 3515 ἀλήθειαν.
467 3428 517 3501 Of,
542 3435 635 3502 Prov.
653 3430 772 3500 Salam.
793 3433 842 3510 10,
867 3433 906 3500 4:
932 3431 987 3513 qui
1002 3430 1115 3494 nititur
1132 3429 1318 3514 mendaciis,

252 3539 303 3602 hic
319 3539 423 3621 pascit
441 3545 561 3621 ventm,
586 3537 671 3602 idem
688 3547 795 3604 autem
819 3540 887 3622 ipse
911 3537 1056 3620 sequitur
1073 3559 1147 3602 aves
1163 3538 1316 3604 volantes

251 3645 359 3710 Multa
384 3653 525 3729 cognata
557 3645 717 3728 suggessit
739 3643 933 3709 Leutschius
966 3645 997 3707 in
1031 3644 1243 3711 adnotatione
1276 3645 1318 3710 ad

252 3755 365 3836 Apost.
391 3753 482 3835 XVI,
508 3755 586 3821 sub·
632 3753 749 3836 Neque
782 3753 922 3818 alienum
946 3759 996 3816 est
1019 3753 1098 3823 Eur,
1132 3751 1206 3836 frgt.
1233 3758 1316 3825 ‘2732

249 3860 378 3946 ττιμίὶς
403 3861 539 3944 διώκεις,
565 3852 592 3927 oi
617 3865 745 3943 τέκνον,
771 3860 830 3936 τὰς
851 3863 991 3934 ἐλπίδος.

338 3967 449 4032 Etiam
472 3969 505 4032 in
530 3989 584 4035 eos
610 3967 759 4050 quadrat,
786 3968 840 4050 qui
864 3967 1077 4051 impossibilia
1093 3975 1225 4052 captant
1249 3991 1316 4032 mo·

249 4076 444 4159 liunturque,
478 4075 685 4160 proverbium
716 4074 916 4145 δοινδντιι
947 4078 1212 4145 ἐπικτανεῖν
1251 4076 1316 4140 sive
