3116 4996
473 1131 690 1246 Joannes
728 1131 865 1246 Koch
904 1127 961 1244 de
998 1132 1110 1246 vita
1147 1161 1250 1244 sua.

783 1347 942 1360 ΑΛΛΛΛΛΛΛΛΛΑΛΛ

401 1453 491 1508 Natus
505 1439 565 1508 sum
583 1455 734 1510 Joannes
754 1441 925 1524 Georgius
945 1451 1096 1508 Emilius
1115 1453 1214 1508 Koch
1232 1451 1396 1522 Regimonti

331 1563 356 1599 a.
375 1544 401 1598 d.
421 1544 456 1598 V.
476 1543 519 1600 Id.
540 1543 615 1610 Sept.
636 1562 659 1598 a.
679 1545 705 1596 h«
726 1562 746 1598 s.
767 1543 844 1606 LXI,
863 1549 943 1613 patre
963 1543 1146 1613 vectigalibus
1165 1543 1397 1598 administrandis

331 1633 481 1704 praefecte,
500 1639 589 1688 matre
610 1653 624 1688 e
643 1639 727 1708 gente
741 1633 971 1702 Hohnicldtiana,
993 1634 1084 1688 adhuc
1103 1633 1183 1688 vivis.
1221 1631 1396 1687 Confessioni

331 1724 459 1778 addictus
493 1741 553 1778 sum
587 1725 773 1794 evangelicae.
835 1723 952 1778 Litteris
985 1723 1172 1778 elementariis
1204 1724 1280 1776 domi
1311 1741 1397 1794 opera

331 1812 425 1866 fratris
461 1818 530 1866 natu
560 1815 674 1868 maioris
713 1815 836 1869 imbutas
878 1830 981 1866 annum
1018 1830 1123 1866 nonum
1155 1829 1239 1882 agens
1270 1811 1397 1883 Collegio

331 1901 531 1971 FriderioianO,
563 1905 709 1973 gymnasio
740 1904 823 1956 huius
854 1903 940 1970 urbis,
973 1903 1143 1957 erudiendus
1173 1897 1296 1958 traditus
1327 1921 1396 1958 sum.

330 1990 440 2048 Novem
458 1997 522 2062 post
541 1995 620 2047 annis
640 1993 815 2062 gymnasium
835 1993 1024 2060 Berolinense,
1045 1994 1120 2060 quod
1139 1998 1242 2046 vocant
1260 1991 1397 2062 Sophien-

331 2081 523 2158 Gymnasium,
544 2083 651 2136 adii-et
670 2087 823 2136 auctumno
843 2100 866 2134 a.
885 2083 913 2134 h.
933 2100 954 2137 s.
967 2081 1077 2135 LXXX
1095 2081 1288 2134 testimonium
1307 2086 1396 2136 matu·

331 2171 423 2226 ritatis
452 2171 584 2244 adeptus¹
598 2189 667 2225 sum.
705 2171 739 2224 in
768 2171 912 2225 academia
932 2171 1079 2225 Aibertina
1107 2175 1255 2239 postquam
1279 2189 1330 2239 per
1354 2177 1397 2225 ter

332 2280 379 2316 sex
398 2278 506 2315 menses
534 2262 564 2313 in
582 2261 833 2330 iurisprudentiam
858 2261 985 2329 incubui,
1018 2261 1118 2314 studiis
1143 2245 1319 2328 antiquitatis
1345 2275 1396 2330 per

331 2351 420 2405 sexies
440 2369 488 2403 sex
507 2368 615 2404 menses
635 2368 749 2418 operam
767 2351 842 2404 dedi.
889 2349 960 2404 Tum
989 2349 1102 2419 perbis
1131 2343 1179 2404 s'ex
1202 2367 1312 2404 menses
1331 2349 1395 2405 inde

331 2440 367 2493 ab
385 2457 450 2493 vere
469 2452 493 2492 a.
513 2439 539 2491 h.
560 2457 580 2491 s.
601 2437 739 2492 LXXXV
763 2440 864 2492 scholis
885 2440 914 2491 in
934 2440 1075 2494 academia
1094 2437 1396 2495 Berolinensihabitis

330 2529 455 2584 interfui.
491 2527 727 2596 Praeceptoribus
747 2545 812 2582 usus
833 2546 893 2581 sum
913 2529 1117 2596 professoribus
1136 2530 1182 2601 eL:
1315 2588 1318 2594 ,

333 2688 336 2696 1
356 2681 358 2685 ⁴
388 2618 579 2697 'Regimontb
594 2617 792 2685 friedtaender,
808 2617 834 2672 G.
851 2618 1011 2685 Hirschfeld,
1024 2618 1246 2692 leepslordanss,
1266 2620 1395 2680 tadwicta

492 2708 583 2777 Raeti,
603 2707 730 2774 sennar,
749 2707 847 2776 Titote,
867 2707 1042 2784 Tschackert
1062 2707 1172 2776 watien
1291 2705 1302 2761 .'

402 2797 540 2853 Berolini:
573 2795 687 2862 tamtus,
720 2797 801 2866 Diels,
832 2797 925 2866 futter,
950 2798 1156 2866 furtwaenptea
1185 2797 1213 2855 ὓ.
1234 2791 1393 2876 Hirschfeld

491 2887 636 2957 ttrcttott
656 2887 762 2956 floheri,
782 2889 889 2956 vatter,

332 2979 433 3047 quibus
465 2979 592 3032 omnibus
624 2978 729 3048 gratias
761 2994 813 3046 ago
845 2995 928 3046 quam
955 2977 1099 3033 maximas.
1142 2977 1242 3032 Studia
1260 2995 1322 3032 mea
1339 2994 1393 3030 non

331 3068 471 3136 interrupi
490 3069 544 3120 nisi
564 3070 596 3120 ut
614 3068 754 3134 stipendia
772 3085 917 3123 merorem.

402 3155 478 3210 Prid.
510 3156 553 3210 Id.
572 3156 654 3211 Febr.
678 3157 705 3211 h.
726 3175 751 3212 a.
779 3175 909 3212 examen
922 3175 973 3226 pro
1002 3157 1137 3212 facultate
1166 3153 1434 3265 docendi&

331 3245 396 3301 Kal.
415 3245 501 3300 Mart.
522 3247 549 3300 h.
569 3264 592 3300 a.
613 3264 730 3302 examen
749 3247 907 3317 rigorosum
925 3247 1053 3302 sustinui.

1441 3269 1480 3330 'a

1485 3328 1515 3357 Ἴ
