3116 4996
689 487 908 552 ,62-

263 686 507 769 locutionesque
537 683 612 748 inde
636 690 787 769 prompta
815 682 1004 766 adagiorum
1036 683 1125 748 locos
1156 683 1332 750 obtinuisse

265 801 386 878 putem,
433 789 525 874 Quae
548 791 656 874 imago
681 789 792 858 subest
814 789 864 854 his
888 790 966 856 locis
991 790 1196 874 Sophocleis:

312 901 402 968 Aiac,
430 902 534 969 1316:
559 895 640 983 ἄναξ
659 895 811 966 Ὀδυσσεῖ·
835 894 952 984 καιρὸν
976 899 1042 967 ἴσθ’
1068 897 1244 986 ἐληλυθώς,
1329 899 1338 928 ²

370 1012 408 1077 εἰ
428 1003 478 1094 μὴ
503 1005 723 1092 ξυνάψων,
748 1002 853 1073 ἀλλὰ
877 1006 1107 1076 catalano
1130 1005 1270 1094 πάρει,

264 1118 285 1188 i,
310 1139 336 1187 e.
362 1114 485 1198 „rixam
510 1135 574 1178 non
599 1133 790 1177 accensurus
815 1110 872 1176 sed
896 1111 1100 1193 sedaturus“‚

287 1224 365 1293 Ant.
392 1227 451 1292 39:
476 1227 508 1289 τί
532 1223 571 1304 δ’,
595 1213 623 1289 ὦ
648 1229 837 1306 ταλαῖφρον,
862 1223 892 1289 εἰ
914 1218 986 1288 τάδ’
1012 1223 1048 1290 ἐν
1072 1220 1212 1300 τούτοις,
1238 1220 1302 1306 ἐγώ

354 1325 502 1399 λυόνσ’
528 1326 548 1397 ii
558 1356 578 1398 ν
602 1326 620 1415 il
646 1329 896 1414 ’φιὶπτοοσα
919 1333 1125 1416 προσθείμην
1147 1333 1266 1411 αλιόν,Ι
1336 1321 1345 1338 ”

265 1439 359 1504 Haec
380 1437 512 1503 Ismena
534 1436 710 1520 respondet
733 1437 930 1518 Antigonae,
965 1457 1048 1518 quae
1081 1437 1228 1519 exposuit
1258 1457 1332 1500 con-

266 1546 423 1612 dicionem
448 1565 539 1608 suam
563 1565 710 1626 quaeque
734 1542 841 1609 Oneon
874 1543 946 1608 urbi
970 1543 1011 1608 de
1033 1542 1187 1626 Polynice
1220 1545 1333 1630 sepeli·
1383 1594 1386 1598 -

267 1653 350 1721 endo
375 1651 530 1731 edixerit3
557 1652 623 1716 vult
647 1652 746 1734 igitur
762 1650 844 1716 haec
867 1651 1058 1734 exprimere:
1086 1673 1245 1734 quaenam
1261 1654 1333 1738 ipsa

266 1761 369 1845 possit
392 1757 549 1842 prolicere
573 1759 606 1822 in
629 1757 691 1823 hoc
714 1781 823 1823 rernm
847 1765 947 1840 statu,
981 1758 1102 1824 nodum
1127 1760 1191 1823 iam
1216 1782 1332 1825 nexum

267 1867 388 1931 firmius
413 1865 595 1948 astringens
629 1872 687 1930 aut
711 1865 884 1949 expediens
917 1865 937 1934 i.
963 1887 988 1929 e.
1016 1864 1093 1950 quid
1117 1866 1267 1932 conficiat
1290 1867 1332 1932 ad

267 1973 386 2038 malum
410 1971 592 2056 augendum
616 1979 674 2038 aut
697 1970 931 2037 minuendum?
973 1971 1088 2036 ’Plura
1112 1972 1152 2037 de
1177 1973 1331 2042 hocloco

267 2081 354 2146 varie
378 2080 550 2164 explanato
582 2079 645 2150 vid,
679 2101 731 2166 ap.
764 2079 955 2144 Bockhium.
1004 2079 1104 2144 Addo
1138 2081 1236 2153 eiusd.
1267 2083 1331 2148 lab.

270 2193 375 2258 1112:
417 2219 420 2226 ¹

451 2293 550 2372 οὗτος
575 2296 603 2363 τ’
629 2293 726 2382 ἔδησα
750 2300 804 2362 καὶ
828 2293 944 2382 ιιαριόν
968 2290 1150 2381 ἐκλύσομαι,

269 2399 417 2471 Creontis
440 2403 538 2468 verba
562 2401 766 2482 affirmantia
801 2421 835 2464 se
857 2401 921 2464 iam
944 2399 1025 2464 velle
1059 2404 1220 2487 corrigere
1252 2429 1333 2490 quae

269 2517 366 2574 antea
387 2505 420 2574 in
446 2509 630 2593 Polynicem
655 2515 687 2573 et
710 2508 909 2589 Antigonam
934 2509 1123 2591 peccaverit.
1187 2509 1334 2594 Quocum

270 2609 1134 2701 σλ,ΡΙιίΙ.12λ4τλύσιοὅσ’,ἐξήμαρτιιν,-
1302 2596 1313 2612 ,

357 2741 445 2806 Num
487 2764 525 2806 ex
564 2744 628 2824 eis,
669 2762 753 2826 quac
791 2740 871 2810 Zeu.
903 2739 971 2822 IV,
1006 2744 1049 2807 80
1088 2740 1128 2806 de
1166 2734 1333 2822 proverbio

270 2854 432 2936 Κὲλμις
456 2853 500 2919 ἐν
524 2849 693 2937 σιδήρῳ
726 2847 851 2917 scribit:
885 2844 967 2934 αὕτη
992 2847 1147 2916 τάττεται
1181 2850 1234 2914 ἐπὶ
1267 2849 1336 2912 τῶν

270 2954 401 3044 σφόδρα
414 2959 544 3032 ἑαυτοῖς
561 2956 819 3037 πιστευσάντων,
839 2949 891 3022 ὅτι
910 2957 1034 3042 ἰσχυροὶ
1051 2959 1105 3023 καὶ
1123 2957 1335 3039 ιλνσχείριοτοι

270 3066 445 3149 πεφύκασι.
496 3070 615 3151 Κὲλμις
648 3064 707 3151 γὰρ
743 3062 788 3138 εἷς
812 3070 881 3131 τῶν
906 3058 1032 3130 Ἰδαίων
1065 3055 1245 3129 Δακτύλων
1277 3056 1335 3143 τὴν

270 3177 394 3258 μητέρα
423 3171 515 3241 Ῥέαν
548 3167 682 3258 ιῗβρίσας
722 3175 776 3246 καὶ
814 3168 857 3255 μὴ
893 3163 1140 3254 strictissimam
1167 3163 1237 3200 *²¹⁰¹*
1269 3159 1336 3230 dud

270 3286 338 3347 τιον
362 3277 516 3363 ἀδελφῶν
540 3276 682 3364 εὐμενῶς
706 3279 742 3345 ἐν
766 3283 808 3361 τῆ
830 3271 905 3360 Ἴδῃ,
930 3272 986 3360 ἀφ’
1012 3264 1053 3342 οὗ
1077 3267 1338 3359 ὁστερειότατος

270 3389 400 3471 ἐγένετο
432 3391 573 3474 σίδηρος.
628 3389 787 3470 μέμνηται
820 3389 878 3467 τῆς
910 3383 1053 3469 ἱστορίας
1086 3385 1267 3468 Σοφοκλῆς
1301 3378 1337 3443 ἐν

270 3489 437 3580 Σατύροις
462 3491 559 3579 (adde
583 3495 619 3561 ἐν
642 3491 817 3576 ,,1Ιιοφοῖς“
842 3489 1019 3575 Σατύροις)
1045 3485 1260 3569 colligendum
1285 3483 1335 3562 sit,

272 3607 403 3683 poetam
438 3599 537 3664 etiam
570 3600 765 3663 mentionem
797 3596 911 3662 fecisse
943 3595 1060 3676 adegit,
1094 3593 1171 3657 mihi
1204 3591 1338 3656 dubium

270 3698 490 3789 incertumque
508 3713 565 3774 est.
614 3705 765 3770 Ceterum
791 3703 889 3766 verba
913 3696 1338 3787 ιῗαοιλιξάμενος-σίδηρος

272 3821 424 3898 corrupta
457 3835 527 3879 esse
561 3819 617 3878 aut
648 3811 804 3876 lacunosa
838 3810 949 3873 elucet.
1023 3806 1124 3870 Plura
1157 3805 1198 3870 de
1228 3802 1341 3870 fabula

271 3924 328 3988 illa
361 3930 393 3988 et
426 3923 466 3986 de
489 3920 660 4005 proverbio
693 3919 851 4003 praebent
883 3916 1050 3982 Nauckius
1083 3915 1116 3978 in
1143 3897 1260 3977 adnot.
1296 3907 1339 3974 ad

274 4030 375 4114 Soph.
399 4031 475 4112 frgt.
500 4033 575 4110 336,
602 4029 688 4099 Plut,
714 4047 805 4111 prov,
828 4026 856 4108 Ι,
884 4028 945 4110 11;
969 4022 1069 4093 schol.
1094 4019 1205 4104 Apoll.
1230 4017 1338 4089 Rhod

271 4140 299 4222 Ι,
327 4143 430 4219 nasu
455 4136 596 4207 Lobeck,
621 4133 838 4218 Aglaophom.
863 4133 909 4216 ΙΙ,
934 4153 966 4214 p.
993 4132 1088 4212 1156,
1116 4131 1211 4195 1160.
1236 4164 1280 4174 -
