3116 4996
692 455 910 519 ..38-

270 646 423 712 ambitum
453 649 582 712 tentorii
611 649 660 712 sui
687 647 849 730 ingentem
877 647 1063 712 thesaurum
1097 645 1333 736 defossum-re·

269 753 410 838 liquisse,
436 775 548 838 agrum
572 755 661 819 illum
685 755 807 836 emerit,
844 776 915 819 cum
940 773 1014 819 vero
1038 753 1117 818 nihil
1150 753 1332 838 profecerit,

186 879 188 886 ’
270 862 402 927 oraculo
434 864 539 928 iussus
573 884 700 928 omnem
732 862 875 946 lapidem
907 882 1052 942 movere,
1096 861 1231 926 multam
1264 862 1335 927 euri

270 969 331 1033 vim
364 971 514 1054 repperit.
576 968 734 1034 Nonnulli
770 967 904 1049 addunt,
944 990 1013 1034 esse
1052 970 1106 1051 qui
1130 969 1333 1051 'existiment

270 1077 471 1160 proverbium
497 1098 566 1142 esse
591 1075 722 1164 ductum
755 1075 796 1162 eb
825 1076 863 1160 iis
894 1075 948 1158 qui
973 1095 1106 1166 canoros
1130 1082 1332 1158 venarentur,
1386 1095 1388 1101 ⁴

271 1185 388 1267 quippe
412 1185 467 1266 qui
490 1183 549 1248 sub
583 1185 666 1248 saxis
689 1183 857 1248 latitarent
889 1184 922 1248 in
954 1181 1057 1247 litore.
1114 1181 1263 1266 Cognata
1286 1190 1335 1249 est

271 1292 378 1375 opinio
423 1312 573 1375 perversa
611 1290 760 1374 Bauclrii,
801 1291 855 1374 qui
895 1288 1163 1357 Rohdewaldium
1207 1298 1334 1355 secutus

199 1410 201 1414 '
270 1423 301 1484 p.
338 1403 378 1464 14
411 1398 541 1480 conicit,
574 1398 779 1480 proverbium
808 1397 888 1464 illud
919 1399 952 1463 in
989 1397 1166 1464 breviorem
1198 1397 1334 1464 formam

271 1529 341 1572 esse
357 1513 558 1571 contractum
580 1529 617 1572 cx
640 1507 695 1571 illo
712 1504 778 1576 dud
804 1513 903 1577 παντὶ
927 1514 1009 1596 λίθῳ
1036 1507 1193 1593 σκόρπιος
1217 1506 1334 1576 auaro·

272 1621 330 1697 dec,
362 1613 402 1680 de
430 1634 494 1698 quo
522 1635 621 1698 supra
643 1637 674 1698 p,
701 1618 741 1686 18
771 1613 846 1686 dixi,
893 1615 1077 1701 Reetiorem
1110 1622 1220 1710 autem
1252 1614 1335 1680 viam

272 1720 399 1804 ingredi
423 1721 500 1786 mihi
523 1721 634 1787 uideor
657 1722 901 1806 explicationem
935 1721 1083 1787 derivans
1117 1721 1157 1785 ab
1190 1721 1266 1787 ludo
1289 1721 1335 1785 la-

270 1829 527 1902 trunculorum,
557 1830 608 1894 De
646 1851 710 1912 quo
742 1830 875 1912 legimus
912 1831 944 1894 in
976 1829 1181 1913 Marquardt,
1221 1829 1334 1894 Hand-

272 1935 357 2016 buch
390 1936 447 2002 der
478 1936 659 2002 romischen
689 1937 891 2002 Altertiimer
915 1937 994 2019 VII,
1028 1941 1057 2018 2,
1082 1960 1113 2020 p.
1138 1941 1221 2001 833:
1245 1936 1335 2017 ,dor

273 2044 398 2128 Spieler
429 2044 507 2128 geht
539 2024 659 2109 darauf
688 2065 755 2128 aue,
790 2045 842 2109 die
875 2044 1068 2110 leindlichen
1092 2044 1235 2126 Figuren
1268 2049 1335 2112 ent·

270 2151 374 2218 weder
406 2175 444 2242 au
477 2151 629 2235 schlagen
772 2152 851 2217 oder
885 2153 930 2217 aio
962 2150 1188 2238 festzusetzen';
1220 2151 1336 2216 zuletzt

270 2259 348 2350 uird
372 2261 459 2325 einer
483 2266 574 2341 matt,
609 2280 645 2323 so
670 2257 744 2323 dass
769 2281 803 2323 er
827 2259 915 2324 nicht
946 2260 1037 2325 mehr
1071 2258 1181 2324 ziehen
1213 2259 1332 2324 lranuf¹

271 2365 364 2434 Idem
391 2348 535 2452 ,valuisse
560 2367 646 2450 apud
671 2365 835 2448 GraecoS,
852 2367 947 2432 docet
963 2367 1053 2450 Becq
1078 2367 1117 2432 de
1136 2367 1334 2450 Fouquieres
1386 2453 1388 2460 ἲ

246 2471 338 2557 ,les
368 2476 445 2560 jeux
474 2475 533 2542 des
568 2475 729 2556 ancieus“,
762 2498 791 2558 p.
826 2477 1012 2545 391—405.
1067 2473 1102 2539 Si
1135 2476 1205 2558 quis
1237 2476 1336 2558 igitur

270 2584 303 2648 in
327 2591 436 2654 tantas
461 2582 626 2666 angustias
660 2587 731 2646 erat
761 2582 927 2664 impulsae,
962 2588 998 2647 ut
1029 2582 1204 2648 timendum
1240 2590 1334 2664 esset,

271 2712 311 2756 ne
336 2689 378 2754 ad
401 2691 517 2755 incitas
550 2689 759 2772 redigeretur,
794 2711 920 2754 omnem
953 2687 1109 2768 calculum
1144 2691 1229 2756 ciens
1260 2689 1336 2756 iude

272 2818 306 2862 se
331 2797 482 2880 expedire
507 2796 695 2868 conabatur,
931 2783 936 2792 ’

273 2905 325 2970 De
342 2923 481 2988 cognata
497 2905 657 2972 locutione
677 2896 787 2975 πάντα
804 2905 914 2974 κάλων
931 2908 1047 2989 ἐξιέναι
1064 2903 1125 2976 vid,
1145 2929 1173 2990 p.
1193 2908 1245 2974 68,

378 3051 489 3115 Etiam
512 3053 610 3116 verba
633 3059 710 3120 nori
734 3049 880 3134 occidet,
905 3053 1030 3118 ποῖδὲ·
1046 3048 1153 3132 βάσει
1184 3048 1217 3112 in
1235 3047 1334 3133 Soph.

271 3158 355 3223 Phil.
382 3163 445 3222 833
471 3159 564 3224 obvia
588 3159 759 3225 dictionem
782 3158 1016 3243 proverbialem
1045 3157 1209 3223 continere
1238 3156 1336 3222 dere

273 3267 313 3330 ab
352 3265 438 3330 or'nni
471 3274 563 3348 parte
601 3268 736 3350 agenda,
770 3274 879 3332 monet
916 3266 1131 3331 Buttmannus
1168 3264 1200 3328 iu
1229 3264 1337 3347 glossa

275 3373 432 3448 Wunderi
456 3374 497 3438 ad
521 3373 552 3446 lr.
577 3375 597 3446 l.
623 3381 855 3459 comparatque
875 3371 966 3443 Aiac.
995 3377 1098 3444 1237:

465 3512 466 3516 ¹
508 3526 585 3587 ποῦ
608 3519 748 3600 (lciccoc
771 3515 791 3604 ἢ
815 3525 893 3586 ποῦ
917 3517 1100 3600 στάντος,

273 3667 410 3728 quocum
433 3644 615 3710 Lobeckius
646 3644 808 3726 componit
832 3649 978 3711 nostrum
1006 3665 1071 3728 „wo
1107 3664 1141 3707 er
1164 3643 1241 3725 ging
1270 3642 1356 3707 uud'

273 3752 401 3822 stand,“
458 3752 584 3817 Eadem
625 3752 724 3816 verba
766 3750 916 3833 copulata
947 3751 1124 3833 reperimus
1163 3751 1259 3816 etiam
1294 3748 1335 3813 ab

273 3859 386 3944 Eurip.
411 3859 492 3926 Hcc.
522 3861 624 3929 1056:
650 3865 701 3944 πᾷ
725 3865 794 3943 (toi,
818 3865 869 3945 πᾷ
893 3865 986 3941 occi,
1010 3866 1057 3943 πᾷ
1079 3864 1199 3942 κέλσω,·

274 3985 346 4055 coll,
371 4007 398 4049 v.
428 3987 526 4055 1048:
550 3992 606 4070 πᾷ
629 3991 698 4067 dui,
722 3991 773 4070 πᾷ
796 3991 886 4066 στῶ,
912 3990 963 4068 πᾷ
986 3982 1142 4070 acic-mco,

274 4092 452 4164 Alo-863:
475 4107 552 4161 ποῖ
572 4099 640 4176 dod,
664 4099 717 4177 πᾷ
741 4098 831 4177 στῶ,
856 4096 887 4160 τί
910 4096 1007 4178 λέγω,
1033 4095 1064 4159 τί
1088 4095 1122 4160 dl.
1146 4091 1204 4180 ps,
