3116 4996
723 475 943 545 ..36-

214 715 221 725 ·
305 672 423 742 Nuntii
446 683 521 740 aunt
544 674 651 759 verba,
687 675 741 759 qui
773 681 935 740 certamen
969 673 1130 756 singulare
1162 670 1305 738 Eteoclis
1339 678 1382 738 et

307 783 465 868 Polynicis
490 804 644 848 enarrans
669 782 809 866 exponit,
835 802 898 865 quo
923 779 997 846 dolo
1022 780 1154 848 tandem
1176 779 1231 846 ille
1255 778 1377 844 uulnus

304 890 401 957 letale
424 889 518 956 fratri
550 890 703 956 intulerit.
758 888 908 955 Eteocles
942 889 1025 953 enim
1059 887 1174 972 pedem
1208 885 1379 952 sinistrum

303 998 400 1081 paulo
424 1003 512 1062 retro
536 997 609 1080 sert,
633 996 766 1080 inguina
790 1018 849 1062 sua
871 1005 993 1078 tegens,
1020 994 1132 1061 dextro
1157 999 1265 1060 autem
1289 991 1379 1076 pede

303 1125 511 1190 praegressus
536 1105 662 1170 hastam
677 1104 711 1168 in
735 1103 844 1170 fratris
862 1101 1047 1168 umbilicum
1068 1101 1183 1186 infigit.
1231 1099 1377 1170 Videtur

305 1213 405 1295 igitur
427 1211 589 1295 singulare
606 1209 835 1276 Thessalorum
860 1209 1032 1274 artificium
1049 1207 1157 1289 tuisse,
1183 1207 1271 1290 quod
1294 1229 1375 1272 vero

303 1319 423 1384 infame
448 1325 527 1400 erat,
554 1319 629 1400 quia
652 1340 716 1383 oon
739 1318 772 1381 in
796 1324 908 1400 aperto
938 1323 971 1380 et
994 1318 1137 1399 eorporis
1161 1315 1280 1381 viribus
1305 1317 1374 1380 nixi

304 1431 538 1510 pugnaverunt,
573 1423 630 1489 sed
654 1423 798 1488 fallacias
823 1422 981 1506 dolosque
1005 1413 1223 1488 adhibuerunt
1247 1422 1290 1488 ad
1315 1423 1374 1488 ad-

305 1533 479 1597 versarium
510 1530 736 1616 superandum.
800 1531 897 1594 Hano
927 1529 1238 1614 interpretationem,
1274 1552 1372 1614 quam

185 1710 188 1716 ,
304 1639 462 1724 praebent
486 1638 597 1706 scholl.
622 1637 655 1703 A
671 1636 698 1704 O
714 1637 752 1702 M
777 1644 809 1702 et
832 1637 925 1702 Euat.
952 1635 999 1707 Ji,
1023 1640 1098 1719 331,
1127 1636 1216 1702 locus
1241 1637 1373 1722 Euripi-

304 1746 381 1812 deus
405 1747 474 1830 ipse
498 1745 661 1831 postulat3
685 1765 790 1828 nequo
812 1744 911 1826 igitur
934 1742 1120 1827 comprobo,
1145 1746 1171 1808 si
1196 1745 1251 1826 qui
1274 1745 1373 1828 expli·

303 1861 378 1920 cont
406 1855 519 1930 ἁπλῶς
544 1852 582 1921 τὸ
607 1853 821 1941 πανούργημα
844 1860 901 1916 aut
924 1873 963 1916 ex
985 1850 1099 1916 fabula
1123 1851 1263 1934 quodum
1289 1852 1372 1918 deri·

303 1969 381 2026 rant
412 1962 450 2030 τι)
483 1960 647 2029 Θεσσαλὸν
678 1959 829 2046 σόφισμα.
891 1957 1181 2044 Paroemiographi
1212 1958 1368 2040 indicant,

303 2068 465 2152 quadrare
489 2066 694 2150 proverbium
718 2068 858 2136 ἐπὶτῶν
876 2071 1105 2152 σοφιζομένων
1122 2065 1213 2150 (Zeu.
1231 2067 1292 2146 IV,
1312 2072 1369 2152 29)

303 2182 360 2241 aut
383 2178 437 2244 ἐπὶ
462 2182 531 2243 τῶν
549 2178 778 2259 σοφιζομένων
794 2179 848 2242 καὶ
864 2173 1143 2261 κακουργούντων
1160 2171 1250 2258 (App
1278 2195 1368 2257 prov,

302 2283 363 2363 IV,
383 2286 434 2364 93,
460 2281 531 2345 coll.
556 2279 622 2360 III,
658 2281 712 2366 20)
747 2289 804 2344 aut
836 2283 889 2349 ἐπὶ
923 2288 991 2349 τῶν
1024 2307 1056 2348 τι
1089 2285 1316 2366 σοφιζομένων
1350 2277 1369 2367 i}

303 2393 550 2474 τεχναζομένων
584 2387 685 2473 (Mao.
709 2387 770 2470 IV,
796 2387 852 2472 66)
878 2394 935 2452 aut
959 2390 1013 2455 ἐπὶ
1040 2395 1109 2456 τῶν
1132 2396 1368 2474 μηχανοποιῶν

304 2489 423 2582 (Mani,
456 2516 544 2577 prov.
577 2495 605 2577 J,
643 2494 709 2580 70).
763 2493 853 2558 Bene
891 2493 1033 2576 Hesyoh,
1072 2515 1171 2586 sav:
1211 2499 1265 2562 έπλ
1300 2500 1369 2563 τῶν

303 2606 530 2688 σοφιζομένων
556 2606 711 2689 λεγομένη
734 2605 788 2670 καὶ
811 2600 855 2688 μέμ
879 2597 1194 2689 auiitupupointuor.
1241 2591 1389 2666 Dinone-¹

302 2717 382 2792 pant
405 2730 474 2776 oum
500 2707 549 2772 his
574 2708 672 2778 schol,
698 2706 735 2778 O,
758 2706 906 2790 Euripid.
933 2708 1079 2782 et'Suid,
1104 2733 1127 2781 s,
1152 2732 1178 2778 v,
1203 2745 1247 2756 -

390 2849 529 2919 Omnino
561 2859 694 2936 propter
726 2852 827 2917 malas
861 2859 947 2918 artes
982 2859 1014 2918 et
1037 2852 1205 2936 perfidiam
1230 2850 1369 2918 Thessa·

303 2959 351 3024 los
375 2959 459 3024 male
476 2958 683 3025 audivissem
701 2956 851 3042 Graecia,
876 2959 1020 3043 pluribus
1038 2968 1182 3025 veterum
1199 2965 1369 3025 auctorum

302 3065 381 3138 locis
410 3066 550 3149 probant
584 3067 697 3139 soholl,
731 3066 773 3132 ad
796 3067 876 3132 Eur.
901 3065 1023 3132 Phoen.
1061 3071 1164 3134 1408:
1198 3067 1367 3152 Aristoph.

301 3172 389 3244 Plut.
414 3175 498 3246 521:
1131 3177 1135 3187 '
1298 3194 1300 3198 '

520 3302 534 3326 λέ

532 3325 661 3387 μπορος
684 3296 775 3387 ἥκων
800 3302 836 3366 ἐκ
862 3303 1039 3374 Θετταλίας
1061 3296 1136 3388 παρ’

514 3404 664 3476 ἀπίστων
688 3404 974 3493 ἀνδραποδιστῶν,

301 3548 402 3621 eiusd,
412 3547 500 3622 Nub,
511 3554 591 3621 749:
612 3565 750 3637 γυναῖκα
765 3548 942 3636 φαρμακίδ’
955 3553 984 3618 εἰ
997 3545 1175 3637 πριάμενος
1193 3549 1367 3637 Θετταλιλν,

300 3657 471 3722 Demosth.
497 3655 628 3741 Olynth.
653 3657 681 3739 Ι,
708 3660 769 3722 21:
802 3656 871 3726 εἶτα
895 3657 935 3726 τὰ
960 3665 1029 3726 τῶν
1055 3663 1239 3725 Θετταλῶν
1264 3665 1368 3725 ταῦτα

255 3825 257 3830 .
300 3761 360 3852 γλλρ
384 3760 506 3833 ἄπιστα
528 3768 588 3851 μέν
611 3756 650 3851 ἦν
674 3765 782 3851 δήπου
808 3763 903 3850 φύσει
941 3768 994 3832 καλ
1026 3761 1074 3832 ιἰεὶ
1107 3771 1207 3833 πᾶσιν
1240 3761 1367 3851 ἀνθρώ·

300 3898 384 3955 ποις,

301 3997 460 4081 imprimis
483 3997 562 4069 Eur,
587 3998 660 4081 frgt,
684 4002 769 4068 426:

459 4127 577 4193 πολλοὶ
600 4130 757 4211 παρῆσαν,
783 4120 850 4192 ἀλλ’
875 4120 997 4192 ἄπιστα
1024 4131 1267 4192 Θεσσαλῶν.
