3116 4996
681 507 899 572 ..13-

255 709 375 774 tiarum
400 700 675 767 continuationem
693 700 855 784 abrumpit
872 708 978 784 atque,
998 724 1080 784 quae
1096 703 1130 766 iu
1146 703 1325 786 posteriore

217 881 220 892 ,
257 810 413 880 orationis
438 816 531 894 parte
557 813 649 874 erant
674 809 820 890 dicenda,
844 809 877 871 in
901 806 1008 890 priore
1032 818 1271 893 praeoccupat;
1295 833 1323 875 v.

258 927 298 984 33
324 941 362 984 ex
384 916 462 982 ludo
494 923 691 982 tesserarum
723 923 864 980 tractum
897 916 1103 998 proverbium
1113 915 1144 1002 *)
1178 925 1323 1001 usurpat.

168 1031 172 1039 '
259 1025 321 1109 Qui
351 1023 459 1106 igitur,
494 1023 597 1087 libero
629 1023 748 1088 iudicio
781 1021 866 1086 hunc
899 1023 1106 1104 monologrun
1139 1022 1263 1106 legerit,
1298 1025 1326 1089 ei

260 1153 446 1217 persuasum
470 1130 541 1210 erit,
568 1132 665 1194 etiam
688 1129 895 1213 proverbium
926 1131 958 1193 in
984 1152 1012 1198 u,
1038 1135 1078 1194 36
1105 1129 1231 1196 obvium
1257 1153 1326 1216 esse

259 1240 394 1322 petitum
418 1258 456 1302 ex
479 1238 625 1320 partibus
649 1238 708 1300 viri
731 1237 815 1301 illins
840 1237 1040 1301 humilissimi
1065 1237 1126 1301 loci

263 1415 265 1422 ,
346 1343 499 1409 Indicant
522 1343 615 1424 viam,
642 1365 738 1426 quam
762 1351 885 1408 rectam
908 1343 1024 1424 iudico,
1050 1333 1253 1426 grammatici
1277 1367 1326 1410 ve-

258 1462 361 1521 teres:
387 1449 492 1521 Schol,
517 1450 638 1519 Aesch.
663 1451 683 1520 l.
699 1472 743 1521 c:
768 1452 868 1538 βάρος
892 1454 1058 1534 ἐπίκειται,
1084 1451 1326 1536 Hesych.Suid.

259 1583 282 1626 s.
309 1582 353 1629 v.:
379 1557 432 1626 dni
457 1558 516 1644 τὴν
541 1559 632 1644 ἰσχὺν
657 1565 720 1626 τοῦ
744 1553 840 1644 geion,
867 1558 1057 1641 quibuscum
1091 1559 1231 1624 concinit
1255 1559 1325 1632 cod,

259 1668 288 1732 Β
311 1667 391 1735 Zeu.
414 1664 459 1745 Π,
474 1669 525 1746 70,
551 1663 606 1729 ubi
630 1665 1042 1747 vulgataabsurdehabet:
1069 1666 1122 1734 dui
1139 1663 1327 1751 rrir'irpronor

261 1783 321 1842 τοῦ
347 1773 451 1860 ζῴοις
476 1771 626 1855 idemque
651 1755 799 1837 videntur
823 1779 970 1855 spectare
1004 1772 1098 1842 codd.
1123 1771 1152 1836 B
1176 1774 1208 1842 V
1229 1775 1325 1857 Diog.

259 1882 325 1962 ΙΙΙ,
351 1885 412 1948 61:
437 1887 519 1962 poor·
544 1939 549 1948 .
575 1937 582 1950 .
609 1936 616 1950 .
642 1931 667 1962 .,
693 1881 806 1967 tneor}
828 1886 982 1967 μέγιστον
1007 1887 1076 1948 zoio
1099 1882 1325 1969 ,computans

260 1987 384 2072 Quibus
422 1987 611 2052 testimoniis
652 1977 828 2052 indicatam
871 1989 955 2052 viam
987 1989 1121 2069 ingrcssi
1159 1994 1235 2053 sunt
1269 1990 1327 2052 viri

263 2095 348 2162 docti
372 2093 459 2162 Guil.
486 2094 672 2160 Dindorfius
700 2093 873 2180 (Thesaur.
899 2094 946 2176 II,
973 2093 1063 2180 375),
1088 2095 1327 2178 Bambergerns

263 2202 316 2290 (de
340 2203 459 2266 Aesch.
485 2201 602 2284 Agam.
628 2228 658 2286 p.
686 2206 727 2268 22
748 2202 820 2287 sq.)‚
856 2201 941 2273 God,
975 2203 1182 2268 Harmaunus
1217 2204 1326 2285 quiin
1423 2203 1426 2211 ’

263 2309 470 2377 adnotatione
494 2309 535 2374 ad
560 2309 592 2381 h.
617 2333 665 2381 v.:
691 2310 785 2394 „hoc,
809 2311 922 2392 inquit,
949 2309 1150 2376 Graecorum
1175 2309 1231 2396 (sc,
1255 2331 1328 2394 pro-

260 2417 416 2504 verbium)
450 2417 590 2484 fortasse
614 2439 634 2482 a
656 2418 738 2482 bove
761 2418 810 2481 vel
834 2418 909 2502 pedi
932 2418 1070 2484 hominis
1094 2417 1209 2502 pedem
1234 2439 1327 2484 suum

259 2526 443 2609 imponente
468 2525 521 2590 rel¹
540 2525 684 2608 stragulo
709 2531 767 2590 aut
798 2525 852 2590 alii
887 2526 986 2600 alicui
1009 2527 1057 2590 rei
1080 2525 1257 2609 insistente,
1291 2533 1328 2592 ut

261 2632 424 2698 substrahi
448 2655 512 2700 uon
536 2635 648 2717 possit,
675 2633 731 2698 sed
757 2634 847 2714 quasi
872 2633 970 2698 affixa
994 2636 1162 2714 maneat“‚
1188 2631 1327 2715 denique

261 2739 447 2806 Klausenus
472 2743 502 2804 in
529 2740 667 2810 editione
697 2741 937 2810 conscribens:
973 2739 1101 2822 „imago
1134 2746 1263 2824 sumpta
1287 2740 1327 2804 de

260 2847 349 2929 bore,
376 2849 431 2931 qni
453 2847 596 2932 pondero
620 2848 711 2931 pedis
728 2847 846 2930 agilem
863 2853 1044 2930 serpentem
1061 2845 1259 2928 proculcat,“
1283 2884 1328 2894 -—

260 2957 437 3021 Excubitor
461 2956 554 3036 enim,
579 2955 645 3020 fido
670 2976 747 3036 erga
771 2954 935 3019 dominum
960 2954 1077 3035 anime,
1112 2953 1166 3017 nbi
1198 2952 1252 3019 diu
1276 2976 1327 3019 ex-

260 3071 438 3147 spectatam
463 3063 566 3127 facem
591 3061 709 3127 Troiae
743 3062 987 3143 occupationem
1020 3062 1222 3126 nuntiantem
1255 3083 1328 3126 cou-

261 3171 378 3255 spexit,
413 3170 530 3253 gaudio
562 3169 720 3251 exsultat,
754 3170 840 3251 rpuod
873 3168 1004 3232 tandem
1037 3166 1240 3249 Agamemno
1271 3190 1328 3232 rex

260 3279 416 3360 benignus
440 3276 568 3359 redibit,
604 3278 654 3342 cui
687 3277 835 3342 dextram
869 3277 1025 3359 porrigat.
1084 3277 1147 3361 „ni
1184 3279 1213 3343 δ’
1247 3271 1328 3344 struo

260 3387 360 3472 orycd“
384 3385 499 3468 pergit,
525 3406 776 3450 commemorare
800 3385 918 3448 veritus
936 3383 1214 3466 Clytaemnestrae
1238 3383 1328 3448 adul·

260 3494 387 3570 terium,
404 3492 501 3576 guod
526 3493 623 3576 paulo
647 3501 721 3575 post
744 3491 885 3556 reditum
901 3493 984 3573 regis
1009 3491 1175 3574 aperiatur
1199 3512 1327 3554 necesse
1356 3573 1360 3580 .

261 3606 318 3669 est.
365 3599 411 3663 Et
444 3623 523 3684 prae
555 3609 643 3665 metu
673 3601 822 3664 dominae
855 3607 889 3663 et
920 3620 999 3680 prae
1032 3598 1166 3664 horrore
1199 3597 1327 3662 sceleris

260 3706 375 3770 nefarii
406 3707 548 3790 linguam
581 3727 731 3772 coercens
765 3706 875 3776 addit:
916 3714 1023 3788 ponc
1059 3709 1130 3774 ἐπὶ
1163 3705 1336 3791 γλώσσῃ

259 3818 393 3899 μέγας
424 3820 619 3904 βέβηκεν
652 3817 670 3885 i,
696 3836 722 3886 e,
745 3817 857 3896 ingens
891 3812 1018 3895 pondus
1049 3812 1192 3895 linguam
1223 3833 1327 3876 meam

261 3940 422 4003 occupans
445 3922 583 4005 impedit
607 3921 776 4005 quominus
801 3921 900 3985 libere
925 3918 1060 4002 eloquar
1084 3926 1201 3984 cetera.
1237 3918 1327 3983 Nihil

260 4027 357 4108 igitur
379 4029 462 4093 servi
486 4031 638 4114 corrupti,
664 4028 743 4093 nilril
767 4029 916 4098 mulctae,

330 4187 355 4258 *i
374 4158 413 4244 de
429 4159 484 4258 [lu-0
505 4192 585 4258 intra,
606 4208 632 4258 p.
725 4189 868 4242 disseram.
