3116 4996
668 388 886 506 ηρ..

331 636 405 724 μήτ’
430 629 491 706 οἶν
516 643 644 724 νεαριόν
669 636 731 705 τιν’
758 633 970 723 ιῗπερτελίσαι

286 749 367 831 μίγα
392 749 541 818 δουλείας
564 743 574 829 ί
599 743 830 831 γάγγαμον
854 740 874 812 ίί
884 729 958 831 της
980 737 1258 812 παναλοίτιιν.

243 856 390 934 ιίίκτνον,
416 850 503 933 quod
521 849 617 915 modo
635 851 779 934 legimus,
805 852 923 936 passim
941 849 1108 931 repetitur,
1150 846 1313 930 Quoniam

242 964 350 1022 autem
375 964 424 1021 est
447 965 517 1022 rete
542 965 575 1022 et
598 958 809 1040 piscatoriam
841 964 873 1022 et
904 957 1110 1021 venatorium
1141 962 1240 1037 atque
1263 955 1314 1019 vix

243 1086 383 1146 usquam
407 1063 546 1128 discerni
570 1070 687 1148 potest,
720 1073 828 1128 utrum
853 1070 967 1129 auctor
989 1063 1191 1144 intellexerit,
1226 1062 1313 1127 ultro

241 1171 443 1236 traducimur
467 1170 600 1235 adrem
626 1173 847 1244 venatoriam·
900 1171 1034 1240 Veteres
1067 1171 1150 1234 enim
1184 1191 1258 1234 aves
1283 1176 1315 1234 et

241 1279 374 1362 lepores*
399 1279 544 1360 aliosque
578 1277 806 1362 quadrupedes
841 1278 984 1344 cassibus
1015 1275 1205 1360 laqueisque
1239 1297 1308 1341 esse
1388 1364 1389 1372 γ

241 1393 383 1469 venatos,
409 1391 520 1451 notum
544 1393 602 1456 est,
657 1386 835 1453 Proverbia
859 1408 941 1469 quae
975 1385 1069 1451 affert
1092 1384 1218 1455 Macar,
1242 1385 1309 1460 III,

198 1552 200 1560 .
242 1496 301 1566 85:
335 1496 371 1564 ἐν
397 1509 466 1570 τοῖς
495 1495 640 1580 ἐμαυτοῦ
669 1495 814 1571 ιίικτίοις
843 1492 1017 1582 ἁλώσομαι·
1054 1496 1109 1562 ἐπί
1146 1499 1215 1562 τῶν
1245 1481 1317 1564 inivi,

241 1609 310 1671 τῶν
332 1605 436 1670 *lutros
464 1609 675 1688 πανουργιῶν
707 1598 931 1688 ἁλισκομένων
964 1607 997 1665 et
1019 1599 1081 1681 VI,
1107 1605 1170 1670 86:
1187 1600 1311 1687 „asimpu

240 1705 333 1784 ἱστὰς
356 1711 391 1777 ἐν
415 1703 503 1794 πιίγῃ
527 1709 679 1796 λιμμθιγσῃ
711 1709 855 1792 respexit
889 1707 1054 1773 evidenter
1082 1705 1205 1776 Aesch.
1232 1705 1302 1772 Olro

243 1819 316 1896 555,
341 1814 397 1879 ubi
421 1812 553 1880 Orestes
578 1815 943 1898 sororem.chorumque
967 1815 1016 1879 his
1041 1814 1213 1884 admonet:

285 1926 367 1993 αἰνῶ
392 1927 426 1991 dl
453 1923 616 2008 κρύπτειν
640 1923 738 1992 τιίσδε
765 1923 931 2010 συνθήκας
955 1924 1041 2009 ἐμὰς.

286 2026 330 2104 ui„¹
354 2026 395 2098 clu
420 2024 468 2096 d'o'
480 2037 533 2114 λοι
558 2034 829 2116 κτείναντες
853 2027 958 2118 dadon
981 2036 1088 2116 τίμιον

287 2138 402 2223 θόλῳ
427 2165 470 2204 τε
493 2142 562 2204 καί
588 2144 824 2223 ληφθῶσιν
848 2140 892 2207 ἐν
917 2135 1067 2224 roilus
1089 2138 1235 2225 βρόχῳ

285 2246 518 2318 θανόντες

331 2369 404 2439 Vid.
426 2389 525 2451 supra
541 2390 571 2450 p.
598 2373 638 2432 55
664 2367 781 2438 affine:
803 2371 973 2456 αἱροῦντες
996 2367 1152 2457 ᾑριμιεθα.
1192 2370 1308 2454 Neque
1385 2359 1389 2366 ²

242 2475 325 2540 ullus
350 2475 560 2541 dubitationis
595 2475 684 2541 loeus
719 2475 797 2540 mihi
830 2476 959 2559 quidem
994 2477 1196 2560 relinquitur,
1234 2479 1332 2561 quin=

242 2583 329 2648 dicta
352 2582 465 2647 eodem
493 2584 674 2667 spectantia
706 2603 808 2665 eaque
843 2605 881 2647 ex
913 2605 948 2648 re
980 2585 1146 2650 venatoria
1178 2576 1307 2669 sumpta

241 2691 418 2775 proverbiis
442 2692 506 2755 sint
529 2689 731 2755 vindicanda.
780 2690 833 2754 Ac
856 2692 995 2774 primunr
1021 2691 1306 2776 quidempercen·

161 2827 162 2832 ¹
242 2798 317 2863 sebo
341 2799 439 2880 locos,
463 2799 496 2863 in
521 2799 635 2882 quibus
668 2798 751 2862 inest
784 2797 974 2878 significatio
1009 2798 1100 2862 dolos
1133 2797 1306 2862 insidiasve

240 2905 388 2990 parandi.
437 2907 547 2988 Atque
570 2906 675 2969 versui
700 2904 819 2976 Aescu
845 2908 964 2988 Agant,
986 2909 1073 2975 ¹358:

264 3037 318 3103 ἐπὶ
349 3040 461 3120 Τροίας
484 3035 621 3120 πύργοις
645 3035 802 3114 ἔβαλες
826 3032 835 3117 ί
861 3031 1073 3118 στεγανὸν
1099 3037 1288 3100 δίκτυον

241 3159 327 3223 addo
345 3159 446 3231 eiusd
464 3159 528 3224 fab,
547 3183 574 3231 v,
593 3163 676 3224 822:
701 3166 901 3242 spectantem
918 3158 960 3223 ad
978 3158 1087 3223 dolum
1104 3159 1175 3241 equi
1196 3159 1295 3240 lignei

400 3311 425 3350 π
436 3283 455 3351 ri
466 3311 485 3370 γ
497 3311 516 3352 α
528 3310 543 3360 ς
566 3281 780 3371 ιῖπερκόπονς
804 3285 854 3367 ε’·(μ
865 3311 885 3350 α
895 3311 913 3370 ρ
924 3281 973 3367 ξεί
983 3312 1005 3370 μ
1015 3312 1029 3352 ε
1040 3308 1058 3352 σ
1068 3295 1093 3352 θ
1103 3311 1140 3367 α,

243 3415 324 3473 etv.
355 3413 453 3478 1375:
478 3415 551 3485 Ιπῶς
574 3409 634 3496 γάρ
659 3435 708 3484 τις
732 3457 739 3471 ·
767 3456 774 3470 ·
800 3463 808 3479 ,
834 3456 841 3471 ·
868 3415 975 3493 (μίλοις
1005 3412 1014 3494 ί
1040 3416 1198 3478 δοκοῦσιν
1222 3408 1325 3494 τίνας.

372 3542 574 3622 πημονῆς
599 3531 838 3619 ἀρκύστατ’
865 3531 915 3602 ἂν
940 3533 1165 3621 audogarius

164 3719 175 3742 ,
242 3656 363 3730 desub,
381 3657 549 3729 Persas:
575 3637 765 3744 n'upciysr
788 3658 911 3743 βροτὸν
936 3661 997 3734 εἰς
1018 3654 1309 3746 ίίρκναςἍτα,

243 3766 329 3847 quod
353 3767 385 3829 in
409 3767 597 3830 memoriam
621 3775 750 3829 revocat
773 3762 889 3844 Agam
919 3769 1001 3836 361:
1035 3761 1201 3852 γάγγαμον
1221 3763 1349 3854 tiraq!

243 3871 525 3956 Sophniacso:
552 3869 681 3960 (dadon)
701 3873 1299 3960 εἰσέβαλλονείςὲρκιγκακιί

241 3979 321 4050 Eur,
338 3979 410 4062 [ph.
429 3979 526 4043 Taur.
547 3983 607 4051 77:
629 3972 657 4048 ui
674 3988 782 4064 Φοῖβε,
799 3995 861 4048 ποῖ
873 3981 904 4066 μ’
923 3971 964 4048 αὖ
980 3979 1028 4068 rai
1038 4006 1057 4048 ν
1069 3982 1097 4048 d’
1115 3984 1132 4049 ε’
1141 4008 1156 4059 ς
1172 3978 1193 4049 εί
1200 4009 1218 4070 ρ
1229 4009 1309 4052 κον

401 4083 558 4176 ireres
583 4086 593 4173 l
617 4087 753 4180 reuss·
