3116 4996
656 512 876 577 ..90-

230 706 376 771 vitiosam
405 705 526 770 frustra
549 705 607 769 viri
632 704 717 770 docti
742 724 858 770 sanare
890 704 997 769 conati
1026 710 1110 776 sunt,
1157 703 1297 772 Videtur

229 812 307 876 mihi
331 819 439 878 autem
463 833 542 876 ansa
566 811 710 877 medelae
734 813 884 895 praeberi
919 832 990 876 cum
1018 811 1296 894 interpretatione,

231 941 327 1002 quam
352 917 476 984 addunt
499 918 797 1001 paroemiographI:
825 922 973 1003 ἐπὶτῶν,
999 917 1048 994 οἷς
1071 919 1148 987 καθ’
1173 919 1301 1010 ἑτέρων

230 1026 453 1111 βουλεύονται,
477 1027 610 1102 τούτοις
626 1026 908 1114 περιπιπτόντων,
926 1033 994 1090 tum
1016 1026 1086 1090 loco
1104 1024 1295 1109 Aeschyleo.

231 1133 313 1199 Inde
331 1133 415 1198 hanc
438 1153 586 1217 propono
609 1132 794 1204 lectionem:

393 1255 484 1344 αιῖτῷ
508 1253 667 1346 ampetio&
691 1253 815 1343 πλήσας
839 1253 1002 1343 (ἐκ)πίνει]
1028 1256 1122 1326 κακά.

232 1363 350 1432 Subest
376 1366 476 1449 igitur
499 1362 584 1428 idem
615 1385 725 1427 sensus
757 1363 831 1426 huic
861 1361 933 1427 loco
976 1369 1075 1447 atque
1103 1362 1297 1448 proverbiis,

233 1495 316 1556 quae
349 1495 447 1558 supra
480 1493 534 1556 pp.
555 1473 616 1538 -55
647 1478 679 1536 et
713 1476 752 1536 72
784 1471 931 1542 tractavi.
992 1470 1092 1535 Addo
1126 1476 1299 1552 cognatum

232 1581 299 1646 sine
322 1581 461 1663 imagine
483 1579 569 1644 idem
593 1579 772 1661 exprimens
799 1576 898 1660 Soph.
923 1576 998 1660 frgt,
1023 1581 1106 1644 323:
1297 1569 1303 1582 ’

363 1687 454 1756 ταῦτ’
479 1689 568 1756 ἐστιν
592 1682 722 1772 ἄλγιστ’,
747 1681 786 1772 ἢν
810 1684 917 1771 παρὸν
940 1688 1062 1752 θέσθαι
1089 1691 1205 1767 aelric,

362 1792 462 1871 αι’·τός
485 1819 534 1870 τις
558 1790 648 1884 αὐτῷ
672 1792 731 1880 τὴν
754 1791 879 1879 βλάβην
903 1799 1036 1880 προσθῇ
1060 1797 1182 1880 φέρων.

322 1899 476 1970 Convivia
508 1903 540 1964 in
569 1900 673 1966 lucem
713 1900 917 1983 protulerunt
952 1899 1157 1982 proverbium
1188 1899 1300 1976 οἶνος

233 2006 403 2095 ἀλήθεια,
421 2006 507 2090 quod
524 2013 685 2071 nostrates
702 2006 872 2090 perhibere
889 2005 993 2070 solent
1010 2007 1043 2070 in
1059 2004 1164 2072 forma
1180 2004 1300 2069 Latina

236 2117 286 2198 „in
311 2117 384 2180 vino
408 2117 557 2180 veritos.“
604 2113 666 2178 Est
697 2113 955 2195 antiquissimum
978 2113 1301 2194 usitatissimumque3

234 2225 298 2287 iam
323 2223 463 2287 occurrit
493 2222 525 2284 in
550 2209 665 2286 Alcaei
688 2219 763 2302 irgt.
789 2221 850 2290 57:
884 2219 983 2304 οἰνος,
1007 2212 1035 2288 oi
1059 2224 1132 2305 φίλε
1155 2233 1222 2303 παῖ,
1248 2224 1302 2288 καὶ

234 2328 378 2411 cliticon,
434 2329 549 2392 mirum
587 2330 619 2392 in
658 2327 789 2392 modum
829 2328 988 2391 consentit
1027 2348 1098 2392 cum
1138 2325 1300 2395 Theocriti

234 2437 376 2517 XXIX,
397 2442 433 2500 l:
459 2435 557 2517 οἶνος,
583 2430 610 2502 ὦ
636 2441 709 2519 φίλε
725 2447 792 2518 παῖ,
816 2439 1012 2521 λέγεταικαὶ
1035 2432 1168 2504 ιἰλάθεα.
1199 2431 1302 2498 Aliud

234 2545 349 2610 Alcaei
372 2544 446 2626 frgt.
471 2542 557 2628 (53):
583 2541 672 2619 οἶνος
698 2541 757 2628 γὰρ
782 2538 975 2627 ἀνθρώποις
992 2547 1153 2629 δίοπτοον
1178 2541 1301 2606 similli-

234 2676 321 2717 mum
345 2657 394 2717 est
418 2649 538 2721 Aesch,
562 2649 636 2731 frgt.
664 2651 746 2718 384:

278 2761 512 2846 κάτοπτρον
536 2761 668 2834 εἴδους
692 2756 837 2843 χαλκός
861 2758 926 2825 ἐστ’
952 2754 1090 2841 Iolcos
1114 2761 1155 2826 δὲ
1179 2765 1249 2841 νοῦ,
1343 2781 1346 2792 ’

236 2868 322 2952 quod
345 2868 468 2950 recepit
492 2865 609 2949 Apost.
635 2865 702 2948 IX,
730 2869 816 2935 590.
873 2863 1021 2929 iltrudem
1047 2887 1174 2930 sensum
1199 2865 1303 2949 expri-

234 2976 293 3040 mit
316 2974 540 3059 proverbium:
557 2973 597 3041 τό
621 2976 657 3043 ἐν
681 2980 723 3060 τῇ
747 2977 864 3058 καρδίᾳ
888 2980 951 3040 τοῦ
975 2972 1142 3059 νήφοντος
1166 2976 1220 3042 ἐπὶ
1246 2980 1304 3061 τῆς

237 3082 393 3170 γλώττης·
408 3084 477 3150 ἐστὶ
501 3089 563 3150 τοῦ
585 3081 772 3168 μεθύοντος
806 3078 847 3144 ab
879 3079 975 3162 Diog.
1013 3077 1109 3160 VIII,
1142 3083 1185 3142 43
1220 3079 1303 3144 aliis-

237 3210 298 3270 que
321 3187 620 3271 paroemiographis
649 3187 800 3251 haustum
835 3207 873 3250 ex
897 3184 985 3258 Plut,
1009 3186 1049 3250 de
1074 3186 1192 3267 garrul.
1219 3207 1246 3258 c,
1270 3189 1300 3267 4,

157 3285 161 3293 ¹
235 3317 265 3379 p.
291 3298 355 3362 503
380 3295 418 3366 F,
466 3295 643 3360 Praeterea
666 3293 948 3377 paroemiographi
966 3292 1025 3357 has
1050 3290 1157 3375 adagii
1181 3292 1302 3358 formas

238 3389 379 3467 variatas
404 3401 560 3473 afferunt:
594 3406 630 3473 ἐν
654 3406 733 3486 οἴνῳ
759 3399 894 3488 ἀλήθεια
927 3399 1019 3485 (Zen.
1046 3399 1106 3481 IV,
1133 3405 1170 3479 53
1204 3400 1301 3482 Diog.

238 3507 299 3592 IV,
325 3514 387 3590 813
412 3509 529 3592 Apost.
553 3510 633 3591 VII,
652 3509 718 3593 37),
745 3508 836 3586 οἶνος
860 3513 913 3577 καὶ
937 3505 1073 3594 itatem
1095 3504 1206 3592 (Diog.
1224 3507 1303 3586 VII,

247 3621 307 3698 283
330 3617 418 3690 Mac.
434 3618 495 3699 VI,
514 3617 580 3704 26),
598 3616 687 3693 οἶνος
704 3613 731 3685 ὦ
749 3622 864 3694 παῖδας
881 3612 1016 3701 ἀλήθεια
1034 3609 1090 3698 (G.
1108 3611 1145 3682 O,
1161 3612 1228 3696 ΙΙΙ,
1247 3613 1304 3696 233

239 3720 280 3790 G.
306 3723 342 3796 O.
367 3723 403 3794 L,
429 3723 476 3804 II,
503 3725 568 3810 83),
595 3723 684 3800 οἶνος
707 3729 760 3792 καὶ
777 3728 891 3798 παῖδες
908 3718 1041 3808 ἀληθεῖς
1065 3717 1300 3804 (Apost'XII,

237 3831 304 3917 49),
351 3831 511 3896 Exscribo
537 3832 703 3914 complura
724 3831 797 3894 loco
822 3827 1004 3910 Aeschyleo
1030 3826 1159 3898 affinia:

239 3937 385 4020 Ταρσέα,
411 3944 492 4010 500:
517 3936 639 4026 ἀνδρὸς
663 3938 692 4004 ‹i'
718 3936 808 4013 οἶνος
831 3938 933 4019 ἔδειξε
956 3935 1046 4018 νόον,

237 4047 309 4118 Ion.
334 4045 408 4136 frgt.
436 4051 464 4129 1,
490 4069 517 4119 v,
537 4051 594 4112 12:
620 4053 690 4115 τῶν
714 4048 742 4113 δ’
760 4042 897 4130 ἀγαθῶν
920 4041 1069 4125 βασιλεὺς
1091 4041 1181 4119 οἶνος
1204 4043 1306 4126 ἔδειξε

878 4171 983 4242 φασιν.
