3116 4996
596 487 815 552 ..31...

179 687 384 754 imminentes
402 707 527 753 errores
544 684 711 768 praedicit,
737 684 853 766 quibus
876 683 929 748 ille
951 664 1165 748 Troianorum
1189 681 1244 746 rni-

179 796 277 860 serias
303 794 466 877 quondam
490 794 590 868 multo
613 792 856 875 praepositurus
880 791 931 873 sit,
963 797 999 854 ut
1030 797 1079 855 est
1109 791 1141 853 in
1165 789 1243 859 Eur,

173 901 300 968 Troad.
325 906 410 971 432:

269 1009 324 1084 ὥς
347 1008 508 1094 χρυσὸς
531 1005 579 1075 αι’·
591 1015 648 1074 tri
673 1001 757 1093 rrirrd
782 1013 835 1076 καὶ
859 1013 998 1091 mouson
1022 1003 1106 1072 κακὰ

272 1109 359 1198 illiget
381 1117 456 1182 ποτ’
481 1113 569 1183 εἶναι.
738 1167 742 1182 .

271 1222 473 1305 Musgrarius
491 1221 623 1286 adducit
634 1219 718 1286 Plut.
730 1219 797 1291 Vit.
815 1243 845 1303 p.
857 1225 921 1284 438
939 1218 1000 1305 (ed.
1011 1219 1055 1284 H.
1073 1216 1243 1305 Stephon.)

182 1329 303 1416 χρυσὸν
326 1331 454 1412 ἔδειξαν
478 1328 536 1404 τὰς
569 1329 745 1415 oqupopric.
775 1326 915 1409 'Neque
938 1324 1138 1408 neglegenda
1170 1336 1245 1390 sunt

181 1435 327 1519 exempla
366 1434 459 1499 buius
492 1456 567 1499 usus
597 1435 684 1518 apud
707 1435 873 1500 Romanos
906 1432 1010 1513 obvia,
1052 1453 1135 1517 quae
1168 1433 1244 1498 mibi

180 1542 386 1627 proverbium
411 1541 615 1607 subaudienti
635 1541 723 1608 haud
739 1541 942 1606 mediocriter
959 1541 1076 1612 favent.
1125 1540 1244 1607 Occur-

180 1657 293 1714 rerunt
316 1650 399 1714 enim
423 1649 501 1713 mihi
524 1648 624 1720 haec:
658 1647 777 1720 Oatull
804 1652 876 1730 107,
902 1653 941 1718 3:
976 1646 1085 1724 Quare
1109 1648 1170 1713 hoc
1196 1655 1245 1712 est

182 1763 309 1838 gratum
333 1755 489 1838 nobisque
528 1763 576 1820 est
600 1757 706 1820 earios
739 1777 828 1837 auro,
863 1761 895 1820 et
929 1754 1046 1820 Tibull.
1071 1754 1099 1838 Ι,
1126 1761 1156 1837 8,
1182 1761 1243 1825 31:

182 1863 287 1935 carior
311 1870 361 1928 est
384 1883 462 1928 auro
486 1863 618 1943 iuvenis,
643 1863 693 1926 cui
716 1861 798 1926 levia
821 1862 944 1944 fulgent
956 1861 977 1947 l
1003 1883 1070 1933 ora,
1096 1899 1138 1911 -
1188 1893 1192 1899 .

270 1970 360 2052 Ignis
385 1969 537 2034 audiebat
564 1970 755 2034 elementum
779 1970 1002 2053 perniciosum.
1066 1968 1147 2060 Inde
1173 1990 1244 2054 pro·
1326 2035 1329 2044 ,

181 2077 323 2142 verbium
347 2081 392 2147 ἐι
415 2083 520 2164 arpi
544 2082 590 2159 βέ
601 2086 736 2164 βηκας
760 2077 825 2162 (ap.
842 2076 937 2158 Diog.
963 2075 1018 2159 lV,
1041 2081 1102 2156 523
1124 2074 1243 2158 Apost.

181 2185 247 2266 Vll,
266 2189 322 2270 433
346 2183 450 2271 Suid.)
475 2184 642 2249 dicebatur
666 2183 706 2249 de
729 2184 777 2266 iis,
803 2184 857 2265 qui
880 2184 912 2246 in
929 2203 1045 2265 magno
1063 2182 1245 2248 discrimine

180 2292 400 2356 versabantur.
447 2293 522 2356 Huc
545 2289 691 2356 alludens
715 2291 876 2374 eloquitur
904 2288 1091 2373 Sophocles,
1125 2311 1181 2372 spe
1212 2291 1244 2354 in

181 2399 329 2465 fraudem
353 2405 443 2464 nruta
445 2405 479 2464 ta
445 2398 583 2474 ntrult
571 2406 620 2463 tos
645 2395 845 2481 deprehendi
869 2397 947 2462 nibil
971 2396 1154 2479 sentientes,

184 2506 261 2577 Ant
273 2509 356 2576 619:
379 2500 1244 2593 rornuuorlleorrvraodnrrenpnouoop,

182 2612 799 2696 quodschol.benet1nerprctaur
788 2619 926 2700 πιιὶι-
943 2607 1246 2699 alercirdniurrs'op

181 2719 241 2788 τὸι
264 2726 428 2790 eumcum
493 2720 556 2785 Pro
590 2721 758 2807 rpmnn‘srp
797 2720 878 2786 mult
865 2728 919 2784 tae
951 2719 1059 2784 variae
1092 2718 1255 2800 lectiones¹

181 2832 265 2908 sunt,
284 2819 363 2908 (liras
380 2827 432 2890 bic
447 2828 681 2910 praetermitto,
701 2828 788 2911 quod
804 2827 883 2892 nibil
900 2826 1077 2891 adsensum
1095 2824 1242 2890 attinent.

182 2935 284 2998 Recte
308 2943 414 2999 autem
440 2942 538 3017 negat
563 2933 761 3000 Abreschius
779 2934 836 3019 (ad
852 2933 1004 3018 Aeschyl.
1024 2933 1051 3014 I,
1072 2933 1243 3016 p.16sqq),

182 3064 222 3106 ex
246 3041 307 3107 hoc
331 3041 497 3125 proverbio
523 3041 729 3131 explicandos
746 3063 815 3105 esse
839 3041 896 3106 hos
921 3041 1007 3105 locos
1030 3023 1244 3122 Euripideos:

181 3148 340 3218 Androm
364 3153 505 3220 4872o
485 3151 555 3218 διὰ
579 3150 656 3236 *stip
638 3150 821 3236 (ιπιρὸς
805 3147 934 3237 rilll'
959 3150 1061 3233 ire'op
1087 3153 1179 3234 λέχει,
1214 3156 1246 3214 et

182 3256 233 3326 El
261 3262 365 3327 1183:
392 3259 462 3325 diri
453 3258 624 3343 incude¹
648 3261 812 3344 ἑμιιλιιι
843 3254 862 3324 ri
886 3258 1020 3326 reilana
1042 3261 1139 3342 rrrrrol
1164 3255 1244 3342 τᾷδ’,

183 3363 295 3428 Potius
344 3363 470 3429 locutio
514 3361 567 3432 cul
612 3365 717 3451 ari-pls
756 3373 868 3449 μολιῖι·
907 3390 971 3433 τινι
1015 3363 1117 3427 valet:
1153 3363 1245 3446 „igni

184 3477 295 3536 contra
319 3471 457 3553 aliquem
483 3472 656 3554 grassari“,
683 3471 769 3554 quod
794 3479 843 3536 est
867 3471 1012 3537 Seidlero
1037 3470 1141 3536 iudice
1165 3470 1246 3536 nibil

182 3577 318 3661 amplius
344 3600 438 3660 quam
466 3579 620 3660 „exitioso
645 3581 709 3643 sive
734 3578 854 3644 crudeli
878 3579 974 3643 modo
1000 3579 1139 3662 aliquem
1164 3586 1246 3644 trac·

180 3689 281 3748 tare‘*
331 3685 438 3750 Multa
476 3686 591 3751 similia
624 3693 909 3770 comportaverunt
941 3686 1139 3750 Abrescbius
1172 3686 1190 3750 l.
1218 3709 1244 3758 c,

181 3801 214 3857 et
239 3793 474 3860 Valckenarius
499 3793 540 3857 ad
565 3792 644 3856 Eur.
670 3793 794 3864 Phoen,
818 3798 895 3862 482.

271 3898 415 3983 Speciem
456 3901 692 3983 proverbialem
730 3923 801 3966 cum
840 3902 873 3965 in
912 3900 960 3964 bis
982 3901 1077 3992 locis
1111 3908 1178 3966 turn
1212 3900 1244 3965 in

181 4006 252 4071 aliis
276 4009 388 4088 inesse,
422 4008 479 4073 ubi
501 4016 568 4096 ors-p
593 4007 786 4072 adhibeatur
818 4007 859 4072 ad
891 4007 1122 4090 designandam
1154 4006 1246 4072 vehe-

180 4115 342 4198 incutiam,
374 4114 553 4197 audaciam,
587 4114 828 4198 impudentiam,
862 4115 925 4180 iam
950 4114 1155 4196 Musgravius
1179 4118 1246 4180 ani-

181 4220 362 4287 madvertit.
410 4223 486 4288 Huc
509 4223 671 4306 pertinent
695 4221 794 4306 Soph.
821 4223 900 4288 Oed.
925 4223 1007 4305 Reg.
1034 4227 1115 4293 174:
