3116 4996
726 491 947 560 ...5οι-

304 687 351 751 Ex
391 686 494 751 altero
533 686 733 759 hemistichio
772 711 798 759 v,
822 695 885 753 303
926 697 1035 754 natum
1076 699 1125 754 est
1163 692 1370 774 proverbium

303 799 358 863 Αἰ
365 795 385 862 (ἱ
396 821 543 871 ι’τιισς
566 801 703 882 γέλω,-
727 796 862 860 testibus
887 796 990 864 Suida
1013 805 1044 863 et
1069 798 1370 883 paroemiographis

303 901 395 987 (Zeu,
419 902 448 984 I,
473 906 538 983 433
562 904 606 974 Ι).
623 905 665 973 V.
681 905 710 985 I,
737 910 795 989 173
821 902 862 976 G,
891 903 926 968 C.
952 904 991 970 L.
1016 905 1124 990 I,44;
1147 906 1234 971 Mac.
1261 906 1288 988 I,
1313 911 1367 986 553

301 1011 418 1092 Apost.
436 1011 464 1090 Ι,
482 1011 538 1098 87)
556 1019 747 1093 usurpatum
768 1014 821 1080 ἐπὶ
847 1020 915 1081 coir
937 1014 1161 1100 nrrpcpprirore
1182 1009 1365 1100 patriar.

391 1113 484 1197 Quae
500 1118 670 1200 proverbia
686 1115 803 1200 Apost.
821 1118 870 1200 Il,
889 1123 930 1184 38
947 1119 1057 1185 affert:
1079 1118 1173 1189 ’,ίλκ
1184 1121 1229 1206 rio
1241 1149 1259 1188 τ
1270 1127 1313 1189 ιδ
1323 1147 1368 1196 σς

300 1220 495 1310 dedendo·
534 1227 587 1292 ἐπὶ
628 1231 696 1292 τῶι·
735 1234 914 1312 καρτερῶν.
977 1233 1045 1294 καὶ
1076 1225 1369 1314 ’,ίλκιίστισιις

300 1327 319 1397 ri
330 1357 349 1399 ι’
358 1358 378 1398 ιι
387 1341 409 1413 β
419 1336 465 1398 im
478 1347 551 1406 σις’
598 1334 652 1400 ἐπὶ
675 1339 744 1401 τῶι·
765 1330 942 1404 ddrrcirort·
967 1339 1021 1402 καὶ
1037 1332 1194 1416 ἀπίστων,
1219 1333 1368 1398 videnlur

300 1437 420 1502 hausta
443 1460 480 1502 ex
504 1438 670 1520 Euripidis
695 1438 816 1519 fabula,
849 1442 899 1504 cui
929 1442 1120 1525 inscriptum
1154 1449 1203 1506 est
1227 1439 1366 1506 Alcesti·

300 1545 348 1609 dis
381 1568 506 1610 nomeu.
568 1546 685 1612 Paucis
725 1568 849 1624 moneo,
890 1548 1090 1614 Alcestidem
1129 1571 1189 1632 pro
1221 1547 1366 1613 Admeto

299 1655 433 1737 coniuge
458 1655 658 1719 voluntariae
683 1677 716 1718 se
747 1655 901 1719 obtulisse
926 1657 1032 1736 morti,
1058 1656 1099 1720 ab
1123 1656 1267 1720 Hercule
1290 1677 1365 1721 vero

299 1761 425 1844 hospite
448 1762 482 1825 in
507 1763 605 1826 vitam
631 1783 700 1826 esse
722 1761 900 1832 reductam,
947 1763 1139 1845 Apostolius
1157 1762 1232 1828 huic
1255 1783 1366 1826 narra-

298 1868 378 1932 tioni
411 1867 507 1936 fidem
550 1869 712 1952 denegans
747 1868 881 1934 verbose
922 1870 987 1934 alia
1027 1872 1153 1936 ratione
1187 1869 1364 1934 Alcestidis

297 1973 474 2058 ἀναβίωσιν
506 1977 615 2040 studet
649 1971 831 2060 explanare,
865 1976 1103 2060 Palaephatum
1142 1976 1284 2061 (lnored,
1308 1977 1363 2064 41)

296 2089 434 2148 secutus.
491 2083 666 2148 Alcestidis
699 2084 893 2162 singularem
927 2105 1005 2165 erga
1037 2083 1188 2148 maritum
1222 2105 1363 2148 amorem

297 2189 439 2254 celebrat
487 2191 692 2274 proverbium
740 2189 937 2260 rid‘r'onroron
984 2191 1111 2258 obvium
1155 2192 1186 2255 in
1226 2191 1362 2261 Anthol.

297 2298 375 2377 VH,
402 2302 475 2368 691.
502 2335 541 2344 —

384 2404 533 2487 Denique
566 2405 599 2468 in
632 2405 717 2471 hunc
749 2405 893 2471 ordinem
926 2407 1070 2490 redigam
1107 2429 1189 2489 quae
1223 2407 1300 2470 milri
1327 2407 1362 2470 in
1417 2403 1419 2412 '

294 2512 468 2594 tragoediis
494 2521 703 2578 occurrerunt
737 2514 884 2597 exempla
915 2514 1013 2579 moris
1047 2512 1259 2595 Graecorum,
1294 2514 1361 2578 ani-

294 2621 425 2685 malium
459 2619 681 2686 fabulosorum
714 2622 846 2684 nomina
884 2621 1100 2685 transferendi
1141 2621 1181 2685 ad
1214 2621 1359 2686 homines
1425 2645 1429 2656 ·

294 2729 429 2792 candem
468 2735 618 2793 naturam
658 2727 864 2810 indolemque
903 2728 1068 2798 habentes,
1134 2730 1249 2811 anue
1274 2749 1359 2794 ¹meo

293 2836 430 2918 quidem·
454 2835 572 2900 iudicio
609 2824 932 2918 proverbialiausunt
964 2836 1164 2900 aestimanda
1206 2846 1239 2901 et
1271 2835 1358 2920 quod

292 2943 558 3027 percrebresount
591 2952 623 3007 et
661 2942 748 3026 quod
782 2951 922 3026 cognata
954 2957 1029 3007 sunt
1058 2945 1282 3010 consuetudini
1313 2943 1357 3008 illi

285 3051 466 3140 ¹bestiarum
491 3052 621 3116 nomina
645 3049 830 3131 adhibendi,
857 3049 896 3112 de
922 3072 985 3132 qua
1009 3074 1107 3136 supra
1132 3051 1277 3116 disserui.

382 3156 515 3223 Sirenae
539 3157 766 3241 apellabantur
790 3157 934 3221 homines
970 3159 1068 3222 etad
1100 3160 1184 3224 bona
1207 3159 1357 3224 honesta-

294 3289 356 3349 que
380 3265 592 3348 perducentes
617 3270 649 3329 et
682 3265 723 3328 ad
747 3265 832 3328 mala
856 3267 1030 3348 turpiaque
1061 3266 1227 3330 illicientes
1284 3265 1357 3330 Hac

293 3375 377 3437 vocis
403 3374 430 3436 vi
455 3375 557 3437 utitur
580 3373 659 3438 Eur.
686 3371 845 3443 Androm,
870 3376 952 3442 936:

397 3479 486 3568 κάγώ
512 3477 657 3550 κλύουσα
682 3480 798 3548 codod‘e
825 3488 858 3547 Σ
866 3509 878 3548 ι
891 3507 901 3548 ι
912 3509 929 3567 p
940 3481 958 3567 ι]
969 3507 987 3550 r
998 3509 1025 3548 ro
1037 3508 1055 3550 rr
1080 3481 1184 3568 λόγιι
1199 3507 1243 3557 σς

397 3596 512 3673 σοφῶν
537 3588 737 3673 ,ιτιιιίιίργσιιι
761 3594 922 3657 ποικίλων
947 3589 1149 3676 iulppcirror,

397 3698 608 3783 ἐξιιι-ἰμσίίίιιι·
631 3701 745 3782 μωρίᾳ,

290 3821 405 3903 quibus
430 3820 533 3886 verbis
557 3823 735 3886 Hermione
761 3843 814 3886 eos
839 3821 1006 3902 significat,
1039 3823 1092 3902 qui
1116 3822 1218 3905 ipsam
1243 3823 1355 3886 incita·

290 3929 401 4010 verint,
435 3936 471 3994 ut
503 3929 757 3994 Andromachae
797 3929 895 4010 capiti
914 3919 916 3926 ¹
935 3929 1161 4000 insidiaretur:
1200 3929 1233 3993 id
1268 3929 1354 4012 quod

289 4038 371 4102 male
396 4038 566 4106 ceciderat.
614 4038 769 4103 Similiter
793 4035 946 4105 Aesolrin,
973 4036 1040 4118 ΠΙ,
1068 4039 1132 4104 228
1161 4037 1353 4101 Demosthe-

288 4169 358 4214 ucm
385 4169 456 4210 cum
481 4145 603 4210 Sirenis
628 4152 795 4228 comparat
823 4144 998 4228 respiciens
1022 4144 1107 4222 illins
1135 4152 1237 4208 artem
1262 4143 1353 4208 dolos
