3116 4996
663 510 880 574 -67-

240 711 343 796 13733
368 712 619 793 ἐξαντλεῐρι
652 706 732 772 Eur.
770 705 882 792 suppl,
907 712 991 788 838,
1028 703 1114 791 cycl.
1142 709 1192 788 10,
1228 709 1301 788 110,

238 822 320 899 282,
354 815 443 881 Med.
475 818 534 896 79,
570 814 660 897 frgt..
684 817 769 895 4563
810 817 1069 885 ἐπαντλεῖντ
1107 813 1188 880 Eur.
1225 815 1300 898 frgt·
1340 847 1345 858 ·

238 928 321 1004 8913
352 931 642 993 ονναντλεῖνῑ
670 925 745 991 Eur.
769 921 841 993 1011.
873 925 957 1005 200;
982 919 1300 1006 ιῖπεξαντλιῖνῑ

236 1030 317 1101 Eur.
341 1031 412 1096 Ion.
437 1034 521 1109 9273
547 1028 587 1098 ef,
610 1025 815 1116 ⁴dur'nunrtog
831 1038 983 1116 σνμιμορᾷ
994 1055 1000 1100 :
1025 1030 1103 1099 Eur.
1115 1031 1216 1115 Hipp,
1229 1035 1301 1101 767,

235 1137 306 1204 Nec
343 1136 466 1218 indigni
504 1135 661 1218 videntur,
711 1157 791 1222 quos
839 1136 988 1220 adiciam,
1039 1137 1073 1200 hi
1104 1137 1182 1203 loci:
1221 1139 1302 1209 Eur.

236 1244 369 1316 Herael,
412 1249 494 1308 168:
535 1245 597 1318 εἰς
627 1240 789 1312 ι’ίντλον
828 1244 1007 1330 ι’μβήοει
1047 1244 1181 1327 πόδα,
1220 1245 1301 1316 Hac.

240 1358 342 1424 1025:
375 1349 528 1438 ιίλίμενόν
552 1375 601 1425 τις
624 1346 669 1424 ni,¹
693 1353 757 1424 είς
787 1345 948 1419 ι’ίντλον
982 1351 1147 1435 niuniu,
1181 1350 1302 1425 Aeseb,

237 1459 325 1544 Sept.
351 1464 432 1529 796:
463 1457 559 1534 πόλις
591 1453 758 1525 ἄντλον
791 1453 869 1524 οὐκ
901 1460 1092 1542 ἐδέξατο
1124 1461 1144 1525 i.
1173 1482 1199 1531 e.
1226 1461 1302 1527 urba

237 1567 464 1633 detrimentum
487 1585 551 1628 non
576 1564 668 1646 cepit.
717 1562 836 1630 Subest
851 1563 949 1647 igitur
971 1564 1028 1629 illa
1051 1565 1139 1651 apud
1157 1559 1302 1633 Graeeds

236 1674 447 1740 ¹usitatissima
471 1671 628 1754 nobisque
651 1671 877 1754 perfamiliaris
894 1674 1092 1756 comparatio
1117 1675 1205 1739 urbis
1231 1698 1302 1741 eum

237 1781 318 1864 navi,
345 1801 427 1863 quae
454 1781 617 1863 ingentem
651 1779 776 1862 copiam
809 1780 1074 1863 metaphorarum
1107 1765 1301 1869 procreavit,

237 1887 277 1952 de
302 1887 416 1971 quibus
440 1885 568 1950 abunde
593 1883 723 1950 Ooenen
746 1886 768 1949 l.
795 1907 820 1950 ο.
846 1887 890 1970 (p.
919 1887 1098 1973 55-102),
1144 1890 1303 1975 Exempla

237 1993 414 2078 Euripiden
447 2000 523 2060 sunt
553 1998 683 2076 sumpta
720 2014 759 2056 ex
794 1993 944 2076 opinione
976 2000 1008 2058 et
1041 1996 1235 2077 antiquitate
1270 2005 1303 2064 et

237 2108 344 2168 aetate
376 2107 489 2166 nostra
519 2100 584 2166 late
617 2105 808 2183 propagata,
844 2122 909 2183 qua
940 2101 1041 2166 totius
1074 2103 1158 2168 vitae
1191 2127 1302 2171 cursus

238 2209 330 2292 quasi
354 2230 419 2274 una
440 2209 604 2290 navigatio
632 2207 772 2291 fingitur.
836 2207 935 2273 Cuius
972 2209 1120 2291 imaginis
1154 2219 1204 2276 est
1229 2234 1302 2277 cou-

236 2316 385 2397 tinuatio,
411 2337 481 2380 eum
507 2314 627 2382 Graeci
650 2336 761 2380 vocem
785 2313 910 2404 λιμήν
939 2315 1117 2382 adhibeant
1140 2318 1182 2382 ad
1208 2320 1302 2402 signi-

236 2423 397 2488 ficandum
413 2425 597 2508 perfugium
607 2430 640 2490 et
655 2424 907 2507 receptaculum,
934 2424 1010 2507 quin
1028 2427 1124 2490 etiam
1141 2427 1302 2494 bominem

238 2531 432 2615 praesidium
456 2532 673 2616 praebentem.
722 2531 889 2615 Campano
915 2532 1012 2603 haec:

238 2639 331 2726 λιμὴν
357 2647 487 2710 κακῶν
514 2638 635 2711 Aeseb,
674 2639 786 2722 Suppl.
824 2643 899 2721 471,
926 2649 952 2708 λ.
988 2641 1152 2711 adorirer:
1182 2642 1302 2717 Aeseb,

238 2744 328 2809 Pera.
354 2749 428 2824 250,
453 2747 531 2816 Eur.
556 2745 663 2817 Orest.
699 2748 794 2828 1077,
828 2756 855 2816 λ.
881 2748 1007 2824 παντὸς
1031 2753 1178 2820 ulceraria
1201 2749 1300 2835 soph.

238 2852 319 2925 Ant,
346 2857 440 2936 1000,
465 2862 491 2923 λ.
509 2849 643 2924 ‘ididem
679 2851 779 2936 Sopb.
803 2853 883 2918 Aut.
912 2859 1007 2937 1284,
1032 2865 1057 2925 λ.
1080 2853 1302 2944 Ἀχιρόντιοςι

238 2961 319 3030 Eur.
352 2959 450 3032 Herc,
483 2962 545 3031 sur.
580 2963 654 3042 770,
698 2968 723 3028 λ.
758 2963 934 3048 ἑταιριίαςε
967 2960 1065 3046 Soph.
1100 2963 1193 3035 Aiac.
1227 2970 1301 3046 682,

239 3076 265 3137 λ.
289 3075 387 3155 dode:
420 3066 520 3151 Soph,
555 3067 635 3134 Oed.
669 3066 749 3150 Reg.
783 3070 866 3150 420,
900 3068 972 3133 coll.
1006 3091 1034 3140 v,
1062 3074 1157 3152 1208,
1191 3071 1245 3134 ubi
1273 3081 1300 3140 λ.

240 3173 357 3239 dieitur
381 3173 421 3239 de
436 3174 587 3239 Iocasten
606 3182 718 3262 utem,
741 3171 823 3262 ιίνὴρ
847 3183 873 3243 λ,
898 3179 1083 3260 πίφανταιε
1107 3177 1187 3248 Eur.
1211 3178 1302 3250 Med.

241 3285 313 3363 768,
339 3273 367 3350 ui
390 3288 568 3351 ναυτίλοισι
584 3288 734 3369 χείματος
757 3291 785 3353 λ.
803 3288 923 3367 φανεὶς,
947 3282 1184 3371 Ἀγαμέμνονος
1206 3301 1302 3362 παῖςτ

239 3385 317 3458 Eur.
341 3387 502 3461 Androm.
526 3393 602 3471 801,
626 3387 746 3453 ibidem
773 3393 853 3459 748:
886 3396 1037 3477 χείματος
1069 3392 1129 3481 γὰρ
1153 3389 1267 3479 ἀγρίου
1291 3394 1301 3480 ί

241 3503 385 3582 τυχοῦσα
408 3501 589 3584 λιμένας
614 3489 711 3583 ἦλθες
735 3502 779 3574 τίς
803 3494 987 3586 ιίνρνίμονς.

326 3620 384 3685 Ad
406 3622 653 3704 firmamentum,
680 3624 730 3688 eui
759 3645 811 3688 res
836 3622 1011 3708 hominum,
1037 3624 1196 3709 fortunae,
1230 3647 1302 3709 spes

239 3729 436 3812 innituntur,
484 3730 727 3814 significandum
779 3733 980 3798 transferunt
1026 3732 1146 3800 Graeci
1192 3755 1302 3800 vocem

241 3833 418 3924 ἄγκυρα,
443 3838 532 3900 cuius
556 3837 618 3901 rim
642 3837 787 3903 indicant
809 3838 927 3904 Suidas
952 3861 974 3906 a.
1011 3864 1058 3912 u:
1089 3840 1218 3928 χαλιίοιο
1244 3841 1303 3926 τὴν

241 3943 330 4031 ίιρίιν
365 3941 518 4030 ἄγκυραν
551 3941 677 4032 ι’ίγκορα
706 3955 936 4035 μεταφορικοῖς
968 3945 1035 4016 ἀπὸ
1067 3956 1136 4016 τῶν
1167 3955 1256 4035 νιμόν
1283 3945 1302 4012 i‘

241 4047 399 4135 ἇοφιίλιια
423 4056 455 4115 et
478 4051 620 4136 Hesych,
645 4051 673 4134 I,
698 4075 729 4136 p.
755 4054 816 4125 52:
840 4050 986 4143 ίίγκνρια·
1019 4063 1249 4142 μιτααορικιῦς
1271 4055 1304 4122 αἱ

242 4155 421 4244 ιίοᾳιίλιιαι.
478 4158 727 4226 Proverbialiter
765 4181 876 4226 vocem
914 4162 1064 4248 usurpari
1102 4162 1225 4230 conicio
1265 4183 1303 4226 ex

1091 4285 1124 4338 5*
