3116 4996
642 467 863 532 -63-

307 663 424 732 Restat
462 672 498 730 ut
529 664 691 746 adactam,
732 664 903 748 proverbia
925 649 1286 750 adorcarr'diouc

219 779 388 862 πέτρον
412 779 445 838 et
472 763 1138 860 Hsoocrtdnodpropaabactoribus
1156 769 1286 852 quidem

218 879 449 964 interpretibus
467 878 606 942 derivari
630 900 669 943 ex
686 879 804 944 fabulis
828 879 922 963 fictis,
946 899 1018 943 meo
1041 884 1150 943 autem
1166 876 1285 942 iudicio

219 988 283 1052 alia
305 987 431 1052 ratione
454 1009 524 1052 essa
549 986 763 1069 explananda,
810 986 977 1050 Disseram
1002 984 1041 1048 de
1065 983 1121 1050 illo
1146 1008 1177 1068 p.

219 1093 258 1157 de
283 1093 344 1159 hoc
367 1117 397 1178 p,
491 1094 636 1158 disserui.

218 1325 237 1413 ξ
278 1333 307 1399 5,
354 1327 604 1395 Proverbia
652 1349 699 1390 ex
744 1323 1121 1408 occupationibus
1166 1323 1283 1386 vitae

240 1453 501 1518 cotidianae
524 1453 850 1533 institutisque
870 1448 1124 1515 'socialibus
1150 1455 1260 1518 orta.

305 1612 496 1696 Antiquitas
531 1621 601 1678 erat
625 1619 845 1698 pracceptum,
879 1619 915 1676 ut
939 1633 1029 1676 suam
1063 1610 1123 1702 sibi
1148 1611 1284 1694 quisque

217 1721 414 1806 provinciam
456 1722 668 1786 constitueret
708 1731 796 1785 neve*
826 1719 905 1784 fines
944 1719 1180 1801 terminosque,
1230 1719 1284 1800 qui

217 1827 424 1893 facultatibus
458 1826 648 1910 artibusque
680 1827 745 1892 suis
780 1834 888 1892 essent
920 1826 1121 1911 praescripti,
1155 1824 1284 1914 egrede-

216 1943 313 2000 retur.
361 1935 438 2018 Huc
462 1935 539 2000 facit
563 1935 642 2007 Eur,
667 1935 743 2016 frgt,
770 1937 850 2004 722:

375 2060 590 2148 Σπάρτην·
613 2063 784 2147 ἔλαχες,
809 2065 962 2147 κείνην
986 2059 1153 2146 κόσμει·
1188 2117 1191 2136 ,

376 2170 451 2245 τὰς
476 2163 756 2256 δέΜοκήνας
779 2169 904 2254 ἡμεῖς
928 2171 1029 2253 ἰδίᾳ,

217 2293 302 2376 quod
326 2292 411 2358 idem
443 2294 529 2358 valet
562 2299 660 2377 atque
693 2293 899 2377 proverbium
933 2293 1168 2359 nobilissimum
1194 2291 1282 2358 Lati·

215 2423 328 2466 norum
351 2401 550 2483 inlinguam
577 2409 719 2466 nostram
744 2401 947 2484 profectum:
983 2421 1042 2481 „nc
1072 2407 1165 2466 sutor
1196 2400 1283 2465 ultra

214 2508 406 2592 crepidam‘·
454 2507 573 2574 Exstat
590 2516 695 2582 totum
711 2508 784 2590 frgt,
811 2509 920 2591 Eurip.
944 2509 976 2572 in
993 2507 1098 2577 Mant,
1119 2529 1207 2592 prov.
1233 2507 1280 2590 Π,

214 2623 273 2698 863
298 2618 438 2701 priorem
461 2638 587 2681 versum
612 2616 734 2681 babent
757 2616 855 2698 Diog.
881 2616 981 2698 VIII,
1002 2621 1061 2697 163
1086 2615 1173 2686 Mac.
1203 2612 1280 2698 VII,

214 2727 255 2789 78
281 2725 334 2806 qui
359 2723 442 2788 male
467 2723 625 2808 explicat:
649 2727 703 2792 ἐπὶ
728 2731 796 2792 τῶν
820 2725 860 2792 τὰ
884 2729 1014 2809 χείρονα
1038 2723 1279 2809 berzanorum.

214 2826 367 2896 Genuina
399 2831 498 2896 verba
530 2830 661 2894 liberius
694 2835 918 2900 mutaverunt:
950 2829 1049 2912 Diog.
1082 2828 1181 2910 VIII,
1216 2831 1280 2894 46:

213 2936 250 3024 ἣν
274 2942 384 3025 ἔλαχες
408 2939 570 3024 Σπάρταν
587 2937 708 3024 κόσμει,
734 2938 982 3020 comparationis
1000 2958 1099 3002 causa
1115 2957 1280 3022 apponens

211 3043 438 3115 modorandi·
472 3049 527 3115 ἔλον
560 3052 593 3110 et
626 3043 665 3114 G.
691 3043 727 3115 C,
752 3044 799 3125 ΙΙ,
826 3048 887 3114 76:
920 3045 1032 3132 κόσμει
1057 3045 1218 3132 Σπάρτην
1241 3041 1281 3132 ἣν

211 3154 321 3239 ἔλαχες
344 3153 410 3238 (τ-
435 3151 476 3218 G.
503 3151 541 3222 O.
565 3151 611 3221 M.
636 3151 703 3231 III,
729 3153 795 3237 82),
822 3152 876 3233 qui
901 3151 984 3215 hano
1007 3151 1099 3216 addit
1123 3153 1279 3235 interpre-

212 3260 386 3331 tationem:
430 3258 482 3332 ὅτι
525 3266 577 3327 δεῖ
616 3264 762 3346 στέργειν
805 3266 845 3344 τῇ
896 3264 1057 3346 δεδομένῃ
1098 3260 1180 3346 τύχῃ
1226 3264 1279 3328 καὶ

211 3365 392 3455 ἀνέχεσθαι,
439 3368 555 3450 Inepte
572 3365 690 3449 Apost.
716 3365 782 3442 IX,
801 3371 842 3430 86
860 3373 891 3430 et
908 3365 1005 3432 schol.
1032 3367 1145 3451 Eurip.
1171 3364 1277 3431 Orest.

212 3477 273 3541 537
300 3497 416 3540 nomen
441 3474 528 3539 urbis
545 3497 617 3538 cum
633 3473 764 3538 vocibus
782 3475 937 3562 οπδρτος,
962 3471 1122 3562 οπδρτον,
1140 3475 1277 3560 ordorp,

211 3588 371 3669 oarrorr'on
395 3581 616 3649 confundunt:
643 3579 729 3663 quod
755 3603 851 3664 quam
876 3582 1010 3646 stultum
1034 3583 1085 3660 sit,
1112 3581 1216 3646 eliscet
1240 3604 1278 3647 ex

210 3689 287 3774 ipsis
321 3696 436 3773 poetae
462 3689 565 3754 verbis
599 3689 668 3752 voci
700 3688 862 3776 Σπάρτην
886 3688 1077 3773 opponentis
1111 3689 1276 3774 Μυκήνας.

210 3793 430 3878 Peruagatum
465 3817 534 3860 esse
565 3794 771 3879 proverbium
804 3795 891 3878 apud
923 3803 1072 3860 auctores
1111 3795 1278 3876 utriusque

210 3902 349 3987 linguae,
375 3904 517 3968 ostendit
540 3902 682 3968 Nauckii
705 3903 814 3984 glossa
838 3903 880 3967 ad
905 3902 934 3973 b,
958 3902 979 3971 l.
1004 3903 1160 3967 Finitima
1183 3901 1278 3967 affert

211 4009 333 4078 Baook.
369 4035 398 4094 p.
436 4016 484 4080 15.
532 4009 580 4080 Of.
615 4012 694 4075 Eur.
728 4010 805 4091 frgt.
838 4015 912 4090 526,
946 4010 1033 4093 quod
1063 4010 1182 4093 Apost.
1215 4010 1275 4090 VI,

212 4117 281 4182 671>
319 4119 497 4200 excerpsit.
559 4118 677 4183 Adicio
720 4117 818 4201 Soph.
855 4118 946 4189 Aiac.
983 4122 1068 4185 1102
1090 4140 1182 4202 sqq.‚
1222 4117 1277 4182 ubi
