3116 4996
639 489 857 551 ..39-

211 706 234 747 s.
262 687 299 754 ἐν
323 690 416 769 Καρὶ.
462 681 751 767 Paroemiograpbi
775 704 871 748 unum
895 683 1031 748 formam
1055 687 1092 753 ln
1111 689 1190 768 Καρὶ
1214 684 1276 753 τὸν

210 797 370 861 κίνδυνον
408 791 547 872 habent3
595 791 891 873 interpretationem
937 797 1079 856 nostram
1119 791 1276 874 praebent

212 896 357 983 pluribus
375 898 453 962 Zeu.
478 896 546 978 ΙΙΙ,
565 904 606 962 59
631 905 664 964 et
687 897 805 981 Apost.
832 897 972 980 V11‚39
999 899 1082 986 (coll.
1102 898 1179 980 VII,
1202 903 1275 984 25„

212 1004 254 1078 G,
279 1003 314 1076 O.
338 1006 383 1070 M.
410 1005 477 1087 ΙΙΙ,
502 1012 543 1070 45
578 1012 684 1070 autem
718 1004 797 1070 nihil
821 1005 975 1070 adscribit
997 1007 1073 1077 nisi:
1107 1004 1180 1076 ἀντὶ
1214 1014 1276 1074 τοῦ

213 1112 251 1180 οὶ
274 1119 348 1200 περὶ
364 1112 513 1200 μεγάλων
530 1111 548 1180 ὁ
565 1119 727 1188 κίνδυνος.
775 1111 962 1196 Usurpatur
977 1112 1183 1195 proverbium
1207 1133 1275 1178 sae·

212 1221 340 1304 pissime
371 1220 442 1303 plus
475 1221 739 1285 minus-mutata
774 1220 900 1292 forma:
934 1220 1061 1290 Archil,
1112 1221 1185 1304 frgt
1212 1224 1274 1286 24:

212 1334 265 1396 καὶ
295 1325 335 1414 ub}
361 1332 531 1414 ’nixoupor
563 1326 649 1398 ὥστε
681 1329 751 1414 Καρ
782 1329 996 1416 κὶκλήσομαι,·
1028 1327 1151 1399 Oratio.
1184 1325 1274 1400 Com,

210 1435 285 1518 frgt.
320 1435 420 1502 Mein.
451 1436 500 1516 H,
535 1458 566 1519 p.
600 1439 642 1502 30
668 1456 711 1480 -
734 1435 871 1506 Philem.
905 1434 982 1499 ibid.
1016 1436 1076 1517 IV,
1111 1459 1131 1520 p
1167 1441 1207 1506 8:
1240 1438 1275 1504 ἐι·

213 1549 295 1630 Καρὶ
327 1543 387 1613 τὸν
417 1549 583 1612 κίνδυνον.
639 1539 725 1606 Plut.
761 1540 904 1624 Euthyd.
936 1547 1000 1606 285
1025 1540 1070 1613 O:
1103 1538 1214 1630 ὥσπερ
1239 1545 1277 1612 ἐν

212 1655 295 1736 Καρὶ
320 1653 355 1719 t'n
379 1654 449 1736 ἐμοὶ
465 1652 550 1717 ἔστω
567 1646 585 1714 ὁ
602 1655 757 1724 >tirrheno
773 1654 805 1713 et
820 1646 954 1716 hachet.
976 1651 1037 1714 187
1062 1647 1110 1720 B:
1140 1665 1275 1719 σκοπεῖν

211 1757 271 1845 γρὶγ
313 1754 374 1825 oia
407 1760 442 1826 ἐν
475 1763 523 1842 τῷ
561 1760 643 1844 Καρὶ
679 1755 756 1842 ὑμῖν·
791 1755 806 1816 ὁ
839 1760 995 1832 κίνδυνος
1011 1811 1019 1822 .
1035 1755 1275 1844 κινδυνεῦγται,

212 1865 267 1928 ubi
292 1863 389 1934 sohot,
415 1864 507 1946 larga
529 1883 627 1926 manu
655 1862 802 1946 exempta
826 1862 965 1944 collegit.
1033 1862 1134 1927 Falso
1165 1871 1273 1928 autem

212 1979 335 2037 veteres
351 1973 542 2056 interpretes
564 1969 801 2036 advocaverunt
816 1970 912 2040 Hom.
925 1970 971 2042 ΙΙ,
988 1969 1006 2032 Ι
1024 1975 1106 2040 378;
1124 1975 1159 2040 ἐν
1176 1972 1276 2060 καρὸς·

213 2085 294 2166 αἴσῃ,
327 2078 413 2163 quod
448 2079 511 2144 alio
544 2077 640 2147 modo
665 2099 734 2142 esse
759 2075 983 2160 explicandum
1017 2076 1113 2142 hodie
1137 2087 1275 2149 constat.

210 2187 445 2252 Celeberrimus
479 2191 587 2249 autem
619 2184 708 2248 locus
743 2205 806 2249 non
841 2183 936 2249 modo
971 2184 1011 2248 de
1036 2183 1183 2268 Caribus
1218 2184 1275 2250 sed

211 2295 308 2358 etiam
332 2293 372 2358 de
396 2293 504 2357 uioiuis
530 2299 578 2356 est
611 2290 678 2361 Cio,
703 2312 761 2376 pro
786 2292 893 2357 Flaee.
920 2313 944 2361 α,
971 2295 1031 2362 27:
1058 2313 1216 2376 „namque
1240 2301 1277 2359 ut

212 2402 327 2484 opinor
350 2400 434 2465 Asia
470 2409 575 2464 vestra
608 2406 734 2464 constat
767 2420 805 2462 ex
829 2397 981 2482 Phrygia,
1015 2398 1134 2493 Mysia
1166 2399 1274 2483 Caria,

211 2508 324 2592 Lydia,
372 2509 488 2574 Utrum
511 2507 612 2590 igitur
642 2513 788 2572 nostrum
823 2513 872 2573 est
903 2527 944 2572 an
976 2514 1117 2571 vestrum
1148 2527 1276 2590 prover·

216 2617 311 2698 bium,
336 2613 498 2699 Phrygem
513 2615 619 2698 plagis
634 2615 704 2679 fieri
720 2613 909 2680 meliorem?
957 2615 1074 2680 Nonne
1091 2613 1152 2677 hoo
1169 2621 1276 2678 vestra

211 2744 286 2788 voce
311 2723 472 2804 vulgatum
497 2728 556 2802 est,
581 2723 607 2786 si
625 2721 701 2804 quid
725 2744 795 2786 oum
813 2722 954 2805 periculo
980 2723 1118 2805 experiri
1141 2719 1218 2785 vetis
1243 2722 1276 2784 in

212 2829 295 2896 Care
318 2831 352 2894 id
375 2830 575 2914 potissimum
599 2828 808 2894 faciendum?
865 2828 951 2911 Quid
975 2851 1072 2913 porro
1096 2829 1129 2892 in
1147 2825 1275 2893 Graeco

211 2958 356 3001 sermone
380 2944 446 3000 tam
472 2937 583 3000 tritum
607 2943 706 3022 atque
734 2936 931 3000 celebratum
956 2945 1005 3001 est
1029 2957 1125 3018 quam
1154 2936 1181 2998 si
1205 2935 1275 3016 quis

212 3043 372 3128 depicatui
389 3043 526 3123 ducitur,
544 3049 580 3108 ut
596 3043 759 3126 Mysorum
778 3044 910 3108 ultimus
928 3065 996 3108 esse
1013 3040 1163 3108 dicatur?
1188 3041 1275 3106 Num

131 3233 135 3242 η
213 3151 289 3234 quid
307 3173 366 3234 ego
384 3151 488 3215 (licam
506 3151 545 3214 de
561 3149 691 3233 Lydia?
730 3148 809 3234 Quis
832 3173 973 3234 unquam
990 3149 1136 3216 Graecus
1154 3170 1276 3214 comeo·

212 3259 297 3324 diam
331 3259 473 3341 scripsit,
515 3259 547 3321 in
582 3279 646 3340 qua
686 3279 794 3322 servus
826 3259 1000 3341 primarum
1032 3259 1172 3340 partium
1212 3277 1276 3321 uon

211 3366 322 3454 Lydus
343 3363 471 3455 esset?“
505 3365 681 3430 Praeterea
697 3364 758 3436 vid,
777 3366 997 3447 quaeErasm.
1017 3390 1044 3452 p.
1061 3368 1122 3431 182
1139 3364 1275 3447 scripsit.

299 3491 475 3556 Proverbio
493 3491 582 3576 Φρὺξ
598 3488 678 3576 (tropi
696 3498 828 3578 ,πληγεὶς
841 3490 982 3580 ἀμείνων
999 3498 1053 3561 καὶ
1071 3495 1275 3559 ‹limoniam-

212 3627 278 3686 ρος,
303 3605 390 3681 quod
414 3597 527 3663 Cicero
561 3597 581 3667 l,
607 3618 633 3668 u,
664 3597 764 3661 latine
788 3600 891 3680 vertit,
922 3597 1077 3680 adducor,
1112 3605 1148 3663 ut
1171 3619 1276 3681 pauca

214 3707 318 3771 dicam
343 3704 523 3770 deinertia
539 3704 730 3786 ignaviaque
749 3703 923 3788 Phrygum.
972 3702 1064 3787 Qtuae
1081 3705 1157 3770 vitia
1180 3711 1275 3769 notat

212 3814 311 3882 Rbes,
336 3816 419 3883 8142

242 3926 399 4006 ’γραῦὶάι
424 3921 451 3988 d'
474 3918 636 4006 ἄπληκτοι
660 3925 700 4005 τῇ
726 3927 783 4006 Φρ
797 3927 881 4006 ργαῑ
893 3945 909 3987 r
932 3925 1186 4005 κακανδρίᾳ

257 4027 351 4096 πόλλ’
377 4031 573 4114 ἐγγελῶντες
597 4035 645 4112 noi
667 4027 872 4114 στρατηλάτῃ
897 4027 925 4095 τ’
951 4029 1021 4113 ἐμοὶ
1045 4027 1102 4112 (se.
1114 4025 1273 4107 Hectori),

214 4143 245 4200 et
255 4135 334 4205 Eur.
347 4132 403 4206 Or,
419 4138 502 4198 1448
514 4159 521 4204 ι
533 4132 596 4200 nix
611 4132 769 4204 ἐκποδών
779 4137 830 4217 ἴτ’,
841 4132 908 4203 ἀλλ’
922 4133 970 4203 ἀεὶ
981 4140 1077 4203 κακοὶ
1088 4143 1146 4222 Φρ
1159 4135 1176 4202 ὗ
1186 4162 1228 4235 γε
1242 4159 1274 4212 ς;
