3116 4996
723 508 939 570 ..42-

458 710 561 770 rui-rc
583 707 651 788 pir,
676 697 704 769 ὦ
728 717 797 784 ποῖ,
822 707 993 786 κρείσσονα
1016 710 1141 788 χρυσοῖ·

457 810 594 897 μεγάλης
618 815 653 878 δὲ
679 810 778 896 τῦχης
801 816 854 878 καὶ
877 808 942 878 ‘l'n
953 837 966 876 r
978 821 1055 895 ppo
1068 839 1086 895 p
1096 816 1112 876 ἐ
1124 839 1142 876 ο
1156 839 1173 876 r·

455 924 587 1001 μείζονα
611 933 741 1001 ‹sonui-z

297 1042 381 1109 Sunt
419 1042 509 1108 chori
556 1041 599 1108 ad
639 1041 825 1124 Electram,
866 1063 948 1124 quae
989 1041 1179 1124 depinxerat
1228 1041 1289 1105 sibi
1330 1042 1364 1104 in

296 1157 412 1233 mente,
439 1172 536 1233 quam
561 1149 669 1214 felices
685 1149 819 1214 fuissent
842 1151 913 1231 ipsa
930 1153 1064 1230 totaque
1081 1148 1204 1230 domna,
1230 1150 1257 1213 si
1273 1151 1363 1234 Aga-

298 1279 425 1323 memno
449 1258 583 1323 honeste
607 1264 682 1322 ante
706 1256 826 1322 Troiae
850 1258 976 1320 moenia
1000 1256 1177 1329 cecidisset,
1208 1295 1249 1304 -

384 1367 502 1450 Restat
526 1364 749 1430 excutiendum
775 1364 875 1448 Sopb,
900 1364 975 1446 srgt.
1002 1368 1085 1429 722:

448 1481 484 1540 Μ
492 1501 510 1540 ο
522 1481 540 1540 λ
550 1501 568 1541 ο
578 1495 623 1540 σσ
633 1501 642 1540 r
654 1500 674 1538 κ
685 1500 704 1539 u
716 1488 731 1540 ῖ
738 1495 776 1540 σι
801 1477 910 1558 χερσὶν
934 1474 1091 1541 lardi-on·
1114 1478 1216 1557 χέρας,

297 1577 385 1661 qood
400 1578 522 1661 prodiit
538 1601 578 1643 ex
596 1576 741 1648 Graium,
754 1578 905 1646 Ambros.
924 1579 955 1641 in
971 1579 1067 1642 Keilii
1078 1578 1175 1650 Anal,
1192 1585 1362 1661 grammat.

297 1684 428 1770 (Progr.
453 1685 621 1768 Pouagog,
646 1686 723 1756 Hal,
749 1686 847 1772 1848)
872 1692 949 1768 p.8,
971 1689 1021 1767 15,
1048 1688 1101 1768 qui
1126 1685 1166 1751 de
1182 1688 1362 1754 nominihus

295 1791 416 1875 pedum
440 1814 538 1876 agens
564 1793 604 1859 de
628 1793 773 1858 Molosso
797 1793 878 1858 haec
902 1793 1026 1857 scribit:
1056 1795 1229 1871 Μολοσσὸς
1254 1800 1288 1864 δὲ
1309 1800 1364 1864 κέ-

296 1910 410 1987 κληται
426 1897 493 1968 ἀπὸ
515 1909 707 1982 Μολοσσῶν,
731 1897 777 1976 (ὸς
793 1898 812 1968 ὁ
828 1899 992 1988 Κρητικὸς
1008 1898 1074 1968 ἀπὸ
1095 1910 1164 1970 coir·
1181 1909 1362 1990 Κρητικῶν,

297 2004 315 2095 ἢ
341 2005 393 2075 ὅτι
422 2005 462 2076 τὸ
486 2004 608 2095 μεγάλα
632 2008 819 2076 Μολοσσικὸ
835 2006 983 2076 ἐκάλουν.
1015 2015 1201 2097 Σοφοκλῆς·
1226 2017 1310 2078 Μολ.
1332 2037 1361 2096 χ.

298 2117 365 2184 dar.
390 2141 421 2200 χ.
467 2114 616 2180 Nauckio
640 2115 758 2179 vitiosa
782 2135 851 2178 esse
875 2113 1024 2178 videntur
1047 2115 1111 2179 alia
1139 2117 1170 2178 in
1194 2115 1256 2180 hoc
1279 2115 1363 2198 frag-

296 2227 404 2286 mento
428 2230 559 2305 praeter
582 2237 697 2308 χεῖρας,
724 2221 809 2302 quod
834 2219 1015 2285 emendavit
1039 2221 1176 2292 Keilius,
1223 2224 1306 2288 lltut
1328 2224 1362 2287 id

297 2337 346 2404 est
361 2350 419 2394 nos
436 2329 514 2392 nihil
531 2329 670 2394 delectat
686 2329 747 2392 nisi
764 2327 931 2393 adnotatio
948 2328 1103 2410 indicans,
1121 2351 1239 2411 magna
1255 2333 1363 2398 vocari·

297 2437 497 2506 Μολοσσικά.
525 2436 619 2502 Unde
630 2437 711 2500 haec
722 2435 912 2517 significatio
923 2435 1059 2517 fluxerit,
1072 2437 1211 2502 enodare
1222 2451 1361 2521 neque03

296 2543 443 2623 fortasse,
479 2544 636 2626 siquidem
665 2543 877 2625 suspicionem
902 2543 1009 2626 eloqui
1041 2544 1125 2626 licet,
1158 2545 1241 2626 inde,
1276 2545 1362 2628 quod

296 2671 391 2714 caries
407 2649 553 2731 Molossi,
579 2658 650 2716 tota
673 2651 867 2732 antiquitate
891 2649 1099 2732 celeberrimi,
1129 2662 1221 2714 erant
1245 2655 1362 2734 magni.

296 2756 390 2840 Quod
409 2779 480 2822 curn
498 2758 764 2822 aliundeconstat
779 2756 1007 2822 tumexSuida
1024 2757 1171 2826 docente:
1191 2761 1363 2836 Μολοσσὸς

296 2870 348 2933 καὶ
366 2866 539 2941 Μολοττὸς
556 2866 657 2934 adrev·
675 2865 693 2932 ὁ
711 2865 900 2952 ποιμενικὸς
915 2869 968 2932 καὶ
983 2869 1090 2950 μέγας.
1123 2865 1200 2928 Alia
1217 2867 1363 2949 exempla

297 2971 382 3035 vocis
406 2972 615 3048 Μολοσσικὸς
646 2972 707 3035 boc
730 2993 825 3035 sensu
850 2970 1014 3035 adhibitae
1038 2979 1169 3054 praesto
1194 2973 1271 3036 mihi
1295 2995 1358 3037 non

297 3085 381 3148 sunt,
405 3116 449 3125 ——

384 3185 548 3250 Plurimus
573 3195 622 3251 est
645 3209 721 3251 osus
745 3187 942 3251 locutionum
972 3209 1026 3251 eas
1050 3208 1101 3250 res
1127 3187 1359 3270 denotandum,

296 3315 377 3375 quae
401 3294 554 3377 imprimis
579 3294 612 3358 in
634 3293 764 3376 regione
789 3293 901 3376 aliqua
917 3295 1094 3376 gignunt-ur
1117 3295 1166 3359 vel
1190 3298 1361 3380 praecipue

295 3421 316 3463 a
331 3408 425 3482 geute
443 3400 582 3484 quadam
600 3408 820 3485 procreantur.
853 3397 941 3468 τάπὸ
958 3398 1021 3469 Ed
1031 3429 1049 3488 p
1062 3409 1170 3471 cleros·
1188 3400 1360 3489 ›ltrxrpout

295 3504 395 3590 Soph,
419 3506 499 3579 Ant.
528 3513 622 3579 1037,
650 3505 847 3578 Ἰνδικὸν
871 3510 1009 3596 χρυσόνῑ
1035 3509 1134 3592 Sopb
1158 3509 1237 3579 Alli.
1266 3515 1361 3580 1037.

295 3616 538 3691 Πακτωλὸς
570 3612 806 3702 εὸχουσος;
841 3615 941 3700 Soph,
977 3616 1060 3680 Phil.
1094 3619 1168 3686 394,
1222 3622 1362 3686 necor

295 3719 517 3810 πολὸχοοσοιί
538 3723 617 3793 Eur.
635 3723 755 3794 Bacch,
775 3728 826 3795 13,
859 3724 1023 3809 Φρύγες
1040 3723 1257 3813 πολύχρυσοι)
1281 3725 1360 3795 Eur,

294 3831 377 3901 Hec.
394 3835 469 3910 492,
488 3830 562 3897 Hel.
574 3833 649 3911 928,
673 3830 744 3901 coll¹
757 3830 877 3900 Troad.
895 3834 977 3908 9943
1004 3833 1039 3898 ἐι·
1052 3826 1188 3914 πλοιῖτφ
1206 3839 1360 3918 Φοογῶνῖ

296 3937 397 4023 Soplr,
422 3937 516 4007 Aiac.
541 3942 616 4008 488.

384 4045 530 4128 Phryges
554 4046 773 4110 narrabantur
799 4045 894 4109 tibias
918 4045 1092 4126 invenisse3
1116 4045 1204 4116 inde:

295 4153 489 4248 Φρύγιος
506 4149 621 4234 tietdo:
643 4154 723 4236 Eur,
739 4151 860 4228 Bacch,
881 4157 953 4236 127,
969 4153 1043 4249 Iplr,
1060 4155 1132 4232 Aul.
1150 4157 1224 4222 576,
1260 4163 1361 4249 Φρο-
