3116 4996
651 481 870 546 -al-

223 677 340 763 ἔχωσιν
379 667 472 746 οὗτοι
496 725 504 740 .
530 732 537 744 .
563 731 603 748 ..
637 677 725 742 Men.
766 699 851 748 mon.
884 684 965 749 716:
1004 687 1053 765 τῷ
1086 679 1145 766 γὰρ
1177 687 1286 759 καλῶς

223 784 403 870 πράσσοντι
419 792 508 853 πᾶσα
523 791 563 873 γῆ
578 790 703 871 πατρίς.
744 783 839 866 Diog.
858 785 937 867 VII,
956 790 998 853 28
1015 794 1047 850 et
1063 786 1150 858 Mac.
1171 787 1250 872 VH,
1270 795 1285 853 1

222 891 379 974 praebent
402 901 490 960 πᾶσα
513 901 552 980 γῆ
576 897 693 977 πατρίς
717 893 836 956 omissa
858 893 1137 978 interpretatione.
1163 934 1204 942 —

313 1015 353 1080 In
378 1017 458 1088 Eur.
482 1017 615 1101 Hippol.
642 1020 703 1081 671
738 1011 892 1101 scriptam
926 1018 1061 1102 legimus
1092 1020 1287 1088 locutionem

187 1113 191 1122 ⁸
223 1125 431 1210 κάθαμμα
454 1124 592 1206 λύειν,
623 1145 719 1206 quarn
744 1123 841 1187 luisse
864 1125 1098 1206 proverbialem
1123 1133 1288 1194 testantur

222 1230 322 1300 schol.
346 1231 389 1294 ad
412 1231 443 1294 h.
469 1231 509 1311 l.;
534 1231 615 1300 Zeu.
640 1229 701 1312 IV,
728 1235 790 1312 463
814 1231 917 1296 blant.
943 1254 1032 1316 prov.
1057 1233 1085 1315 Ι,
1113 1240 1172 1314 75;
1197 1235 1287 1307 Suid.

207 1325 247 1406 'a
271 1359 299 1406 v.
323 1337 521 1420 Ducuntque
553 1339 620 1402 eius
644 1339 799 1420 originem
827 1361 866 1403 ex
894 1341 1064 1406 notissima
1087 1341 1143 1406 illa
1166 1342 1286 1424 fabula,

223 1465 318 1526 quam
344 1447 471 1511 Arrian.
496 1445 544 1527 Π,
570 1451 608 1525 3;
641 1443 771 1518 Aelian,
803 1469 832 1516 n,
862 1448 955 1518 anim,
990 1448 1095 1530 XIII,
1131 1455 1166 1530 13
1200 1448 1287 1520 Plut.

222 1551 317 1623 Alex,
345 1558 385 1616 18
409 1554 464 1617 alii
487 1553 662 1618 memoriae
684 1552 908 1634 prodiderunt,
966 1555 1148 1637 Phrygibus
1173 1555 1287 1622 datum

223 1681 291 1724 esse
316 1662 489 1742 oraculum,
524 1683 597 1726 eum
623 1659 726 1726 Asiae
759 1663 892 1746 imperio
915 1663 1094 1744 potiturum
1119 1685 1197 1746 esse,
1233 1665 1287 1746 qui

221 1767 341 1832 nodum
358 1769 503 1834 solvisset
518 1769 707 1850 implicitum
724 1771 832 1834 currui
848 1769 889 1834 ab
908 1769 1001 1834 Mida
1020 1809 1062 1816 -
1094 1778 1150 1835 avit
1173 1779 1209 1836 ut
1232 1772 1287 1837 alii

221 1874 332 1940 volunt
356 1876 397 1940 ab
421 1883 514 1958 patre
539 1877 604 1940 eius
640 1873 774 1955 Gordiu,
812 1875 896 1940 unde
930 1876 1025 1941 hodie
1054 1878 1216 1960 loquimur
1246 1878 1286 1943 de

221 1979 308 2045 uodo
333 1981 519 2062 „Gordioo“
557 1991 601 2030 -'-—
642 1983 675 2044 iu
707 1983 826 2064 templo
860 1984 1021 2066 reposito;
1062 1984 1285 2052 Alexandrum

221 2089 378 2171 Magnum
418 2090 610 2174 explicuisse
649 2089 768 2154 nodum
804 2098 861 2155 aut
900 2091 989 2156 olavo
1024 2100 1191 2176 exempto,
1232 2094 1286 2174 qui

225 2195 334 2278 iugum
360 2218 432 2260 oum
455 2205 582 2260 temone
607 2198 823 2278 coniungeret,
859 2203 915 2261 aut
939 2197 1047 2279 gladio
1072 2198 1286 2264 dissecantem

222 2304 390 2373 vinculum.
437 2304 540 2368 Iidem
573 2303 699 2368 addunt
736 2303 857 2368 diotuur
894 2326 962 2369 esse
995 2305 1199 2389 proverbium
1232 2309 1286 2375 ἐπὶ

223 2418 291 2479 τῶν
315 2411 478 2481 odorent>
502 2440 533 2480 τι
558 2412 645 2480 λύειν
669 2412 932 2499 ἐπιχειρούντων.
991 2410 1153 2494 Quoniam
1178 2421 1287 2479 autem

221 2517 409 2584 Alexander
432 2521 533 2585 multo
557 2528 631 2603 post
654 2522 812 2601 tragicum
835 2519 906 2601 fuit,
941 2518 1024 2583 hauo
1055 2519 1197 2586 fabulam
1222 2543 1287 2586 non

220 2625 381 2708 portinere
420 2627 462 2690 ad
499 2605 607 2692 locum
639 2627 851 2711 Euripideum
876 2627 1079 2691 manifestum
1108 2635 1165 2693 est.
1221 2627 1287 2694 sed

221 2732 337 2810 dixerit
370 2733 718 2817 fortasseouispium,
758 2736 897 2818 priorem
929 2733 1060 2798 fabulae
1087 2741 1213 2816 partem
1246 2735 1286 2800 de

220 2837 384 2924 Phrygum
411 2841 543 2905 oraoulo
576 2843 640 2905 iam
666 2848 774 2905 aetate
797 2840 963 2923 Euripidis
989 2842 1147 2906 exstitisse
1170 2861 1284 2924 posse:

221 2947 298 3012 mihi
321 2968 396 3012 vero
421 2970 609 3032 persuasum
627 2955 684 3029 est,
710 2956 845 3013 totam
869 2947 1013 3012 fabulam
1030 2969 1099 3012 esse
1122 2950 1286 3014 inventam

220 3054 262 3118 ad
279 3054 502 3120 Alexandrum
527 3055 684 3138 Magnum
702 3055 937 3125 celebrandum,
985 3053 1161 3138 Quaeritur
1176 3057 1283 3140 igitur,

219 3183 295 3226 uum
320 3161 485 3244 Euripidis
510 3163 709 3247 temporibus
726 3163 855 3228 omuino
876 3165 945 3247 jam
969 3164 1031 3226 vim
1047 3163 1285 3246 proverbialem

220 3267 370 3333 habuerit
385 3269 512 3352 phrasis
527 3271 685 3356 xvitluppo
704 3270 800 3340 hlaiv.
825 3268 938 3336 Potuit
954 3293 1031 3335 saue
1047 3279 1145 3354 poeta
1156 3272 1285 3340 dudum

219 3383 294 3440 aute
316 3376 509 3441 locutionem
533 3377 687 3442 adhihere
711 3400 808 3460 quam
834 3379 994 3463 proverbii
1018 3381 1078 3444 vim
1103 3401 1142 3444 ea
1166 3380 1285 3463 adepta

220 3491 312 3548 esset.
359 3482 468 3549 Nihilo
493 3485 595 3560 secius
617 3485 696 3548 inihi
721 3486 851 3568 quidem
882 3486 1007 3550 videtur
1028 3488 1095 3570 jam
1119 3493 1187 3551 tum
1211 3509 1284 3569 pro-

220 3589 358 3654 verbiale
393 3589 490 3654 fuisse
521 3590 599 3654 illud
629 3592 785 3678 κάθαμμα
809 3594 916 3662 lustr:
958 3615 1163 3676 quamquam,
1199 3594 1284 3660 unde

219 3695 356 3777 fluxerit,
381 3697 476 3762 hodie
502 3698 551 3762 vix
582 3699 697 3780 aliquis
722 3707 809 3765 certo
838 3707 980 3764 statuere
1008 3700 1145 3783 poterit;
1171 3699 1283 3766 diffido

218 3805 266 3885 im,
293 3805 347 3886 qui
375 3827 413 3868 ex
443 3811 512 3869 arte
536 3805 663 3869 lanifica
687 3807 819 3890 petitam
845 3829 913 3871 esse
936 3807 1131 3872 locutionem
1156 3815 1282 3890 putant.

218 3907 304 3974 Nam
328 3903 433 3993 imagio
466 3911 541 3977 nodi
565 3913 716 3976 neoteudi
741 3914 958 3996 solvendique,
993 3933 1058 3996 qua
1087 3913 1284 3996 exprimatur

218 4020 307 4083 notio
340 4018 564 4090 difficultatum
597 4020 769 4086 allatarum
803 4020 1100 4104 expeditarumque,
1141 4021 1218 4084 satis
1253 4029 1284 4086 et

219 4125 354 4192 Graecis
378 4137 410 4192 et
435 4127 558 4194 hatiuis
583 4136 615 4192 et
638 4127 836 4192 nostratibus
861 4137 909 4193 est
933 4127 1109 4209 familiaris,
1137 4137 1172 4192 ut
1197 4126 1284 4192 diota
