3116 4996
685 459 1021 559 -83-.'

261 683 379 764 tralato
403 689 511 747 autem
535 682 753 766 usurpabatur
776 681 816 750 de
840 680 951 746 dolore
968 681 1032 746 alte
1055 685 1244 766 penetrante
1267 686 1324 745 aut

261 790 447 859 desummo
482 790 635 874 periculo,
669 789 722 854 ubi
746 789 811 854 vita
839 789 956 870 agitur.
1013 785 1165 852 Afferunt
1198 807 1323 851 versum

261 896 476 981 Sophocleum
500 898 574 982 Ἀρ.
598 896 686 978 XII,
722 901 763 974 23
796 903 828 960 et
851 894 944 960 Eust.
978 895 1017 959 Il.
1052 918 1082 978 p,
1110 899 1184 980 rae,
1216 897 1258 960 58
1293 901 1324 958 et

263 1010 358 1088 1258,
396 1011 444 1075 18,
500 1003 654 1074 Leutscb
687 1003 961 1094 advocatPlaut.
986 1002 1105 1072 Bacch
1140 1004 1223 1068 242:
1259 1001 1324 1084 „ita

261 1111 443 1204 detondebo
468 1133 548 1177 auro
572 1110 740 1193 usquead
764 1112 863 1175 vivam
889 1113 1026 1174 cutem.“
1053 1129 1106 1156 -'

349 1237 382 1302 A
407 1258 482 1302 veru
507 1243 612 1303 ortum
637 1243 685 1302 est
718 1235 932 1320 proverbium,
966 1234 1053 1317 quod
1086 1241 1135 1298 cst
1165 1235 1198 1298 in
1222 1232 1323 1317 Soph.

260 1345 335 1426 frgt.
363 1348 445 1415 744:
479 1345 525 1413 τὸ
549 1344 697 1430 θερμὸν
731 1350 800 1411 τοῦ
834 1340 986 1424 bristou.
1043 1341 1133 1406 Bene
1166 1341 1323 1408 Erasmus

260 1475 291 1536 p.
331 1457 395 1517 486
436 1450 692 1517 subaudiendum
738 1456 845 1515 censet
887 1449 1077 1531 „arripuit“
1128 1455 1184 1513 aut
1223 1448 1324 1512 simile
1385 1527 1389 1534 ι

262 1559 436 1643 quippiam.
482 1559 534 1624 De
558 1557 665 1640 adagii
696 1557 725 1620 vi
749 1555 843 1621 Phot.
869 1555 949 1627 Lex,
980 1559 1054 1636 593,
1090 1560 1108 1619 3
1143 1561 1175 1620 et
1205 1552 1323 1620 Suidas

183 1711 186 1720 ι
261 1667 396 1758 docent:
429 1669 483 1734 ἐπί
514 1672 584 1734 ταῖν
615 1662 887 1750 (firduipoupe'ruau
922 1662 962 1730 τὰ
986 1667 1116 1748 χείρονα
1148 1657 1222 1731 riori
1255 1668 1324 1729 τῶν
1403 1651 1408 1664 ’

260 1773 469 1860 κρειττόνων.
517 1769 537 1859 ἦ
559 1775 715 1858 παροιμία
738 1767 804 1838 ἀπὸ
829 1777 898 1838 τῶν
926 1767 1068 1856 ιίπείριος
1093 1773 1324 1855 δρασσομένιον

259 1879 342 1948 κατὰ
366 1880 405 1946 τὸ
428 1883 670 1966 πεπορισμένον
693 1884 762 1946 τῶν
786 1874 974 1960 ὀβελίσκων.
1022 1871 1219 1964 Quibuscum
1244 1875 1323 1947 Zeu.

261 1986 320 2068 VI,
348 1989 388 2052 19
413 1993 446 2052 ct
468 1984 555 2056 Piut,
579 2005 669 2069 prov.
693 1985 721 2066 Ι,
747 1987 787 2050 97
813 1969 1011 2046 adverbum
1044 1981 1111 2046 fere
1140 1983 1322 2054 concinunt.

261 2091 410 2176 Quadrat
433 2093 530 2175 igitur
554 2091 757 2176 proverbium
781 2091 812 2153 in
838 2111 901 2171 eos,
928 2089 981 2172 qui
996 2111 1054 2172 per
1076 2089 1268 2172 imperitiam
1286 2111 1324 2154 ea

261 2207 354 2282 parte
376 2221 444 2264 rem
469 2199 710 2282 aggrediuntur,
744 2219 809 2279 qna
832 2198 959 2260 minime
988 2196 1177 2277 debuerunt,
1210 2197 1256 2260 ita
1288 2205 1324 2261 ut

262 2305 320 2369 sibi
343 2305 421 2388 ipsis
444 2305 530 2370 mala
554 2312 676 2389 parent.
711 2341 751 2350 —

350 2410 1324 2496 Subiungerebiclibetproverbiumasagittasmittendona-

261 2526 328 2584 tum
339 2520 467 2602 βαλών
481 2520 696 2604 φεύξεσθαι
712 2522 802 2602 οἴει·
814 2518 986 2601 quouzen,
998 2519 1084 2601 Π,71
1101 2519 1161 2607 ;Ι).
1175 2501 1274 2602 V.'11‚
1286 2525 1322 2601 33

262 2625 519 2708 Apost.1V‚83;
545 2625 634 2696 Suid.
647 2628 932 2708 interpretantur:
957 2626 1041 2713 πρὸς
1064 2626 1144 2702 unic
1167 2626 1272 2696 κακόν
1293 2655 1324 2696 τι

263 2734 443 2820 δράσαντας
462 2738 517 2802 καί
541 2738 852 2820 οἰομένονςφνγεῖν.
885 2732 926 2796 Id
944 2735 1120 2816 respexisse
1131 2732 1322 2816 Sophoclem

261 2841 343 2906 bene
366 2842 422 2906 viri
448 2841 534 2907 docti
558 2843 770 2922 coniecerunt,
796 2862 866 2906 cum
892 2840 1046 2905 scriberet

328 2948 409 3020 Oed.
434 2950 515 3034 Reg.
542 2952 625 3019 354:
658 2944 765 3024 οὕτως
789 2946 930 3024 duraturae
953 2953 1138 3036 ἐξεκίνρσας
1163 2948 1242 3018 τόδε

329 3056 369 3125 τὸ
394 3054 490 3143 (ispum
515 3061 580 3124 καί
603 3083 680 3124 πον
704 3063 825 3124 τοῦτο
850 3057 1067 3142 φεύξεσθαι
1092 3062 1241 3138 δοκεῖς,Ι

261 3163 391 3228 Iudicat
423 3164 521 3245 igitur
545 3172 655 3245 poeta,
690 3165 715 3227 si
743 3164 813 3246 quis
840 3163 918 3246 quid
944 3171 1073 3247 peccet,
1107 3185 1178 3228 eum
1206 3162 1323 3227 debere

261 3272 346 3336 ferre
372 3292 454 3354 quac
478 3270 552 3335 inde
576 3271 765 3341 efficiantur,
813 3270 978 3355 Cognatus
1001 3271 1090 3336 locus
1115 3278 1164 3336 est

264 3379 343 3450 Eur,
367 3378 440 3444 Alc.
467 3385 548 3443 679:
573 3378 654 3466 ἄγαν
677 3380 826 3466 ὑβρίζεις,
851 3386 905 3448 καί
930 3385 1056 3456 νεανίας
1080 3379 1198 3465 λόγους

360 3487 515 3573 ῥίπτων
538 3489 577 3562 ἐς
600 3484 696 3573 ἡμᾶς
720 3486 764 3556 οὗ
788 3487 919 3570 βαλιὰν
944 3481 1075 3560 οίίτιος
1098 3481 1203 3566 uiuet,

263 3592 316 3658 ubi
343 3595 453 3678 βαλιὰν
478 3594 651 3662 ,abundare
683 3616 787 3677 neque
819 3595 880 3657 nisi
920 3591 960 3657 ob
994 3590 1152 3674 prouerbii
1187 3589 1322 3654 formam

215 3753 219 3760 .
262 3703 432 3784 genuinam
448 3700 593 3766 additum
610 3723 679 3766 esse
696 3701 838 3785 vidctur3
863 3700 939 3764 dicit
956 3707 1062 3763 autem
1079 3697 1200 3762 Pheres
1224 3697 1322 3765 haec:

262 3832 323 3874 non
349 3810 427 3873 sici
461 3831 487 3880 e,
512 3831 574 3874 non
600 3811 729 3893 impune
753 3809 866 3889 abibis,
896 3809 922 3872 si
944 3807 1119 3884 insolenter
1148 3807 1180 3870 in
1204 3827 1254 3869 me
1278 3805 1322 3868 in-

261 3917 393 3983 veheris.

351 4024 443 4109 Qurae
467 4026 626 4091 sententia
646 4047 706 4111 par
729 4024 800 4110 pari
824 4021 984 4088 referendi
1000 4022 1094 4086 variis
1111 4020 1221 4086 formis
1246 4021 1323 4084 trita

262 4132 475 4234 proculdubio
507 4133 683 4234 proverbiis
717 4139 765 4198 est
796 4129 1047 4198 adnumeranda.
1104 4128 1229 4212 Nempe
1252 4127 1322 4210 lege

1112 4252 1144 4308 6*
