3116 4996
677 495 796 565 .--7
847 523 889 545 -τ

223 751 226 758 ,
253 684 321 756 ΙΙΙ,
346 683 508 770 colligere
525 683 604 753 licet
620 684 651 752 in
669 684 919 769 proverbiorum
938 683 1179 752 consuetudine
1194 680 1320 752 fuisso:

255 833 281 880 a,
307 811 494 890 sententiaro,
528 831 611 891 (puae
644 831 707 874 non
742 809 838 873 modo
873 808 914 872 ab
948 809 1079 890 tragicis
1112 805 1308 873 triroesunt

416 916 471 980 sed
505 917 600 980 etiarn
626 917 696 980 eliis
732 916 916 981 auctoribus
949 914 1084 982 Graecis
1117 917 1322 998 reperiuntur

414 1021 600 1089 familiares,
1401 1010 1404 1018 ’

255 1131 284 1201 lu,
308 1131 483 1194 locutiones
508 1129 726 1214 formulasque
750 1129 886 1213 dicendi,
918 1132 1056 1214 quaein
1081 1130 1193 1194 eadem
1218 1129 1322 1198 foruna

414 1238 540 1321 saepius
564 1245 754 1320 repetuntur
778 1259 797 1302 a
821 1238 964 1320 tragici&

263 1365 288 1414 c,
313 1344 531 1426 metaphoras,
557 1367 639 1427 quoe
663 1366 867 1410 nummorum
893 1345 996 1409 instar
1018 1346 1052 1408 in
1076 1343 1238 1412 cotidiano
1264 1367 1321 1410 usu

413 1451 561 1518 uidentur
584 1451 691 1520 fuisse.

342 1557 394 1622 De
427 1559 488 1621 hoo
521 1579 637 1640 genere
679 1567 769 1622 certa
802 1559 972 1641 explorare
1006 1558 1229 1622 difficillimum
1263 1564 1321 1625 est.

253 1663 351 1728 Haud
385 1685 459 1728 raro
489 1665 582 1748 plura
614 1665 732 1729 iudicia
765 1665 858 1728 simul
892 1686 1084 1752 concurrere
1118 1673 1167 1729 est
1190 1686 1321 1728 consen·

253 1785 393 1836 taneurn.

342 1877 419 1942 Non
444 1878 581 1944 deerunt
603 1879 658 1961 qui
683 1886 802 1961 negent
829 1901 881 1942 me
904 1877 1059 1942 nonnulla
1084 1880 1198 1942 merito
1223 1878 1322 1941 vindi·

254 1987 374 2052 cauisse
407 1987 585 2070 proverbiis
619 1986 747 2068 aliaque
781 1987 924 2050 omisisse
957 1993 1088 2068 putent,
1129 2007 1211 2067 quiae
1243 1986 1321 2070 ipsis

255 2093 469 2175 proverbialia
494 2093 679 2173 videantur3
706 2115 788 2176 quae
806 2116 855 2156 res
880 2115 974 2176 saepe
992 2093 1034 2158 ad
1059 2094 1181 2158 nullum
1199 2102 1321 2166 certum

254 2200 348 2264 finem
386 2201 519 2283 perduci
559 2201 687 2284 poterit,
729 2202 879 2283 quoniam
919 2222 1086 2266 carusarurn
1126 2201 1319 2283 ponderatio

254 2329 291 2371 ex
315 2308 511 2390 singulorum
545 2307 661 2380 iudicio
693 2307 833 2391 pendeat
865 2317 994 2371 necesse
1027 2313 1085 2378 est,
1133 2307 1220 2371 Nam
1246 2310 1317 2389 quis

253 2425 310 2495 est,
353 2416 407 2498 qui
439 2413 605 2498 exquirere
637 2436 732 2498 posse
771 2415 831 2479 sibi
870 2415 1035 2496 videatur,
1076 2438 1151 2480 num
1191 2421 1320 2479 omnino

251 2531 367 2604 poetae
392 2524 493 2586 ruenti
518 2522 721 2588 obversatum
746 2523 787 2587 sit
810 2522 1027 2605 proverbium,
1062 2522 1104 2586 ad
1129 2522 1215 2605 quod
1240 2522 1319 2586 allu-

252 2631 355 2698 serit?
416 2630 636 2694 Procnldubio
670 2631 753 2694 enim
786 2630 887 2694 multa
919 2631 1090 2713 proverbia
1123 2638 1189 2695 tani
1229 2639 1320 2694 erant

251 2739 372 2802 usitata
394 2739 545 2820 tritaque,
580 2746 616 2803 nt
639 2746 755 2820 poetae
780 2740 930 2820 quemvis
953 2740 1066 2803 leviter
1090 2760 1128 2802 ea
1151 2747 1320 2820 tangerent

252 2843 327 2927 quid
362 2846 480 2910 vellent
511 2845 608 2927 vulgo
641 2845 900 2927 intellegeretur:
943 2847 1007 2910 sire
1048 2846 1134 2927 leges
1162 2848 1319 2912 ‚metricae

251 2954 415 3017 iusserunt
457 2953 593 3017 formam
634 2952 741 3034 adagii
779 2955 950 3034 genuinam
994 2956 1204 3034 commutari,
1254 2955 1319 3017 sivo

251 3068 418 3142 poetarum
443 3061 602 3142 ingenium
627 3061 658 3122 in
683 3059 938 3140 angustos-fines
963 3061 1103 3125 coerceri
1128 3082 1192 3124 non
1213 3062 1320 3142 potuit

251 3168 300 3230 vel
324 3167 435 3238 noluit.
483 3167 594 3248 Atque
618 3165 794 3230 ridebimus
828 3168 968 3248 tragicos
1001 3168 1066 3232 alio
1096 3169 1224 3234 uberius
1249 3190 1318 3232 esse

252 3283 427 3355 exsecutos,
463 3275 526 3338 alia
550 3274 785 3354 decurtavisse,
820 3275 885 3338 alia
916 3274 1106 3340 inducentes
1141 3297 1319 3358 synonyma

252 3390 475 3452 commutasse,
538 3380 619 3444 'luno
655 3381 757 3445 multa
795 3382 964 3464 proverbia
1003 3384 1157 3464 originem
1190 3383 1317 3447 demum

252 3488 411 3553 duxerunt
434 3511 472 3552 ex
497 3488 688 3570 tragoediis:
720 3489 783 3551 sire
809 3491 849 3552 olr
876 3489 1077 3571 praeclarum
1102 3511 1228 3553 sensum
1254 3491 1317 3552 siue

253 3594 293 3658 ob
318 3595 494 3677 elegantem
521 3595 597 3658 dicti
621 3595 758 3658 formam
783 3597 847 3660 sive
872 3596 912 3660 ob
936 3597 1125 3661 insolentem
1150 3597 1318 3662 audacem-

251 3725 312 3786 que
346 3703 548 3767 tralationem
583 3703 646 3766 sire-
680 3725 737 3786 per
762 3705 984 3786 usurpantium
1016 3705 1125 3786 jocuur
1159 3705 1222 3768 sire
1254 3705 1317 3768 ulia

250 3809 290 3873 do
315 3831 412 3874 causa
436 3811 467 3872 in
493 3811 578 3891 vulgi
603 3812 757 3874 memoria
779 3810 967 3890 haerebant,
994 3831 1081 3874 more
1098 3832 1207 3875 eorunr
1234 3834 1316 3894 quae

250 3939 309 3982 nos
343 3941 493 3983 vocamus
535 3916 725 3999 „gelliigelte
759 3917 907 3982 Wortc“.
970 3916 1166 4000 Plerumque
1208 3927 1315 3984 autern

250 4024 435 4089 testimonio
452 4025 576 4103 desunt,
595 4024 710 4107 quibus
727 4023 904 4088 diiudicare
921 4025 1088 4107 possimus.
1106 4033 1213 4090 utrum
1230 4027 1317 4091 dicta

252 4131 463 4224 proverbialin
501 4132 588 4224 apud
624 4133 763 4219 tragicos
798 4131 891 4196 obvia
929 4155 967 4196 ex
1000 4154 1059 4198 usu
1098 4133 1222 4220 uolgari
1253 4135 1316 4203 sint
