3116 4996
628 502 847 562 ..53-

200 691 289 755 locus
315 699 399 757 esset
432 693 485 774 qni
519 693 691 775 praeberet
722 694 878 770 umbram,
914 694 972 758 snb
1004 694 1149 759 umbram
1183 696 1265 760 asini

198 798 363 870 insedisse,
426 797 508 862 Tum
549 800 724 863 asinarium
763 801 1014 866 contradixisse:
1065 823 1098 866 se
1138 805 1264 868 asinum

200 905 384 986 collocasse,
418 912 454 970 ut
491 908 633 970 sarcinas
667 915 795 987 tanturn
831 916 983 992 portaret,
1020 931 1083 973 non
1118 917 1153 974 ut
1186 911 1263 974 adn·

200 1013 321 1078 lescens
344 1014 412 1095 ipse
437 1034 474 1077 eo
501 1021 663 1092 uteretur;
686 1014 777 1078 illum
801 1023 909 1079 autem
934 1017 1147 1102 respondisse,
1173 1039 1206 1083 se
1231 1027 1262 1082 ct

199 1121 324 1184 asinum
362 1127 394 1185 et
426 1122 507 1186 asini
540 1121 687 1185 umbram
722 1122 922 1194 conduxisse
987 1121 1060 1205 Qua
1093 1124 1133 1190 de
1166 1147 1264 1190 causa

202 1228 404 1293 vehementer
428 1229 622 1294 altercantes
655 1229 786 1294 tandem
820 1251 886 1293 rem
912 1230 954 1294 ad
979 1231 1118 1296 arbitros
1142 1233 1261 1303 tulisse.

197 1333 294 1399 'Unde
327 1342 412 1424 περὶ·
434 1333 515 1406 iinon
548 1345 640 1412 σκιᾶς
671 1337 830 1424 μάχεσθαι
862 1338 894 1400 in
919 1359 973 1403 eos
998 1339 1103 1404 dicere
1136 1339 1263 1405 solitum

137 1445 142 1452 '
200 1464 268 1508 esse
302 1428 428 1525 vulgus,
471 1445 524 1527 qni
558 1443 598 1510 dc
631 1443 730 1508 nihilo
769 1451 949 1533 certarent3
990 1453 1064 1530 apte
1098 1458 1265 1532 comparat

198 1549 362 1614 Bauckius
387 1558 531 1632 nostrqm
558 1575 631 1632 „um
656 1551 711 1616 des
735 1551 872 1617 Kaisers
895 1553 979 1618 Bart
1003 1557 1168 1637 streitcn“,
1199 1579 1263 1620 res-

198 1656 383 1740 pondetque
409 1658 580 1729 Latinum:
607 1659 668 1740 „de
690 1658 766 1722 lana
790 1659 923 1742 caprina
952 1661 1078 1732 rixari,“
1139 1662 1263 1746 Sopho·

197 1764 278 1842 clem
308 1767 340 1828 in
365 1787 467 1848 versu,
499 1787 594 1848 quem
618 1787 717 1848 supra
741 1767 846 1848 attuli,
880 1767 963 1830 hanc
987 1768 1182 1836 locutionem
1215 1794 1263 1836 rc·

197 1873 338 1955 spexisse
355 1881 510 1956 apparet:
532 1895 607 1937 nam
625 1880 697 1938 utut
713 1875 822 1957 priora
839 1875 935 1938 verba
952 1876 1154 1942 emendanda
1177 1887 1261 1962 sunt,

197 1979 296 2049 πάντ’
329 1982 393 2044 sive
417 1976 536 2050 ἅπαντ’
570 1977 652 2050 droa
685 1982 758 2050 οκαί
792 1982 859 2045 sine
892 1982 990 2047 dubio
1023 1991 1111 2049 recte
1134 1987 1261 2068 legitur.

197 2087 336 2153 Videtur
358 2089 457 2170 igitur
480 2089 621 2169 tragicus
645 2110 712 2151 rem
737 2089 877 2172 aliquam
895 2089 1089 2155 adumbrare
1114 2093 1260 2175 voluisse,
1304 2117 1307 2122 ·

199 2217 281 2278 (quae
299 2195 389 2260 flocci
406 2195 555 2261 habenda
571 2204 664 2259 esset.
705 2196 1082 2280 Usurpantproverbinm
1093 2199 1261 2284 Aristoph,

201 2303 298 2386 Vesp.
336 2303 395 2367 191
432 2311 464 2366 ct
487 2301 553 2384 srgt
589 2307 672 2382 2383
706 2301 876 2373 Demosth,
911 2305 951 2370 de
974 2327 1054 2388 pace
1079 2313 1143 2383 25,·
1175 2308 1261 2380 Plat

197 2409 338 2482 Phaedr,
365 2415 429 2474 260
454 2411 498 2494 03
530 2409 665 2474 Lucinn.
692 2409 885 2480 Hermotim,
912 2418 971 2492 713
1005 2414 1070 2478 Dio
1095 2415 1259 2500 Olrrysost.

198 2526 280 2587 orat,
306 2522 357 2599 34,
382 2540 412 2602 p.
440 2524 480 2581 59
506 2518 545 2586 R.

287 2641 426 2708 Omnino
458 2651 566 2708 autem
600 2642 745 2710 Graecos
779 2644 1000 2727 adamavisse,
1038 2669 1105 2710 rem
1139 2649 1259 2712 minimi

197 2750 245 2813 vel
284 2750 401 2815 nullius
434 2744 690 2834 protiloxrcin
722 2759 780 2816 aut
820 2762 998 2823 καποοιῖ
1036 2752 1165 2824 οκιιίν
1204 2763 1260 2820 aut

197 2859 374 2928 καποόο
403 2859 528 2940 νοοανα
564 2863 681 2942 qnippe
718 2882 788 2924 cum
826 2861 939 2926 umbra
970 2869 1026 2926 aut
1061 2861 1147 2926 fumo
1182 2863 1260 2927 nihil

197 2966 298 3047 possit
322 2967 457 3047 cogitari
481 2967 571 3032 vilius
595 2969 769 3048 inanimae,
795 2969 946 3051 permulti
979 2971 1173 3052 tragicorum
1198 2971 1260 3035 loci

197 3070 323 3143 docent,
380 3073 575 3137 Huiusmodi
599 3075 776 3139 locutiones
801 3097 870 3139 esse
886 3077 1113 3159 proverbiales,
1139 3077 1261 3142 intelle·

195 3179 280 3260 gitur
305 3202 342 3243 cx
367 3202 452 3264 corp.
470 3201 611 3262 paroem.
659 3183 698 3247 In
724 3182 810 3267 App.
838 3204 928 3264 pror,
945 3183 1012 3266 ΙΙΙ,
1038 3188 1082 3247 44
1105 3184 1258 3266 legimus:

196 3295 326 3356 καπνοῦ
349 3289 431 3355 σκιαί
457 3293 511 3356 ἐπὶ
535 3297 603 3358 τῶν
627 3297 697 3358 λίαν
721 3295 842 3376 [omnir
858 3297 911 3359 καὶ
935 3294 989 3360 ἐπί
1014 3300 1082 3360 τῶν
1106 3290 1260 3362 iiorn'rior

194 3400 248 3462 καὶ
264 3392 411 3478 ἀφανῶν,
452 3396 536 3459 Μαο.
549 3398 588 3464 V.
605 3402 626 3461 4
642 3398 772 3461 scribit:
797 3406 928 3467 καπνοῦ
945 3399 1038 3467 σκιὰν
1063 3405 1257 3468 δεδοικέναι·

195 3504 249 3569 ἐπὶ
274 3510 342 3570 τῶν
366 3504 407 3571 πίε
430 3506 571 3591 μηδενὸς
594 3501 666 3588 ἄξια
690 3511 909 3592 φοβουμένων
926 3505 1075 3588 idemque
1099 3506 1179 3584 VII,
1198 3512 1259 3578 lll:

195 3617 287 3684 σκιᾶς
319 3614 466 3680 rl'd'mlcr'
513 3614 566 3680 ἐπί
600 3620 660 3680 τοῦ
691 3611 821 3699 oqridpu
854 3611 1024 3688 ἀσθενοῦς.
1077 3614 1116 3677 Iu
1151 3614 1255 3685 Malli.

195 3739 283 3800 prov.
308 3717 355 3796 Il,
374 3721 416 3782 84
441 3718 579 3802 denique
598 3729 664 3784 est:
690 3721 762 3789 card
779 3719 921 3806 ὀνείρων·
961 3724 1013 3789 ἐπὶ
1033 3730 1101 3791 roir
1118 3720 1257 3810 ίίὸὴίπον.

193 3821 294 3889 Addo
319 3823 401 3890 Snid
437 3829 725 3896 sarracenorum?
772 3831 825 3896 ἐπὶ
850 3837 919 3897 roir
944 3835 1015 3898 λίαν
1040 3833 1169 3915 ἰσχνῶν.
1205 3835 1258 3898 καὶ

196 3938 361 4018 παροιμία·
407 3935 538 4002 καπνὸν
571 3934 651 4003 εἶναι
680 3932 833 4022 ἡγοίμην·
880 3938 933 4005 ἐπὶ
968 3944 1037 4005 τῶν
1070 3935 1258 4022 odorariam·

194 4043 248 4107 καί
273 4037 409 4115 or'd'rrdn¹
433 4038 533 4124 ἀξίων
558 4041 660 4126 (quod
685 4062 723 4106 cx
738 4041 908 4124 Aristoph.
934 4041 1019 4112 Nub.
1038 4047 1102 4108 330
1127 4043 1258 4108 ductum

195 4143 331 4232 videtur)
366 4153 398 4210 et
421 4147 518 4218 schol.
544 4148 714 4246 Aristoph,
739 4149 823 4215 Nub.
850 4153 933 4220 252:
968 4151 1009 4219 nt
1033 4151 1092 4238 γὰρ
1115 4151 1257 4240 μηδενὸς
