3116 4996
656 499 880 566 ..77-

239 690 507 781 τρισκατάρατος,
530 693 564 758 id
588 716 688 777 genus
706 694 784 758 aliis,
834 693 1024 778 Propinqua
1049 701 1097 759 est
1113 694 1244 759 tralatio
1262 695 1302 760 ab

235 800 331 866 sulcis
348 801 419 884 agri
434 803 538 886 petila
553 802 585 865 in
596 801 715 867 Aeseh.
727 801 815 886 Sept.
829 805 891 869 593
906 810 1093 884 ιβαθεῖαν
1109 798 1233 871 ἄλοκα
1250 805 1303 871 διὰ

236 908 356 995 φρενὸς
372 907 609 995 καρπούμενος,
626 907 711 973 uude
727 908 873 972 hausisse
888 907 1038 972 videntur·
1049 907 1166 974 Suidas
1184 930 1206 976 s,
1224 931 1252 980 v,
1270 916 1303 975 et

234 1016 352 1100 Apost.
369 1015 430 1095 IV,
457 1018 517 1084 69:
541 1023 678 1098 βαθεῖαν
695 1012 826 1084 αὔλακα·
852 1019 906 1084 ἐπὶ
930 1023 999 1084 τῶν
1016 1021 1151 1097 βαθείας
1181 1021 1303 1102 φρένας

234 1128 289 1192 καί
306 1127 529 1209 κεκρυμμένος
546 1123 702 1209 ἐχόντων,
730 1121 785 1186 Ad
796 1122 914 1187 laetum
929 1122 1086 1204 genialem
1103 1123 1303 1188 transferunt

238 1251 350 1296 vocem
367 1225 446 1313 ἄλοξ
469 1227 570 1313 Soph,
595 1228 676 1295 Oed.
694 1228 774 1311 Reg,
795 1233 879 1292 1210
898 1237 937 1308 et
953 1229 1032 1300 Eur,
1049 1229 1172 1292 Phoen.
1191 1234 1242 1300 18.
1262 1268 1299 1276 -

322 1339 355 1401 Α
378 1335 539 1402 frumento
564 1336 725 1401 metiendo
743 1343 906 1420 sumptum
931 1343 980 1400 est
1002 1334 1099 1418 Soph.
1125 1335 1201 1418 frgt.
1219 1339 1302 1407 723:

309 1445 359 1521 ὡς
383 1444 475 1530 μήτε
499 1441 672 1531 κρούσῃς
695 1440 786 1532 μήθ’
810 1441 907 1529 [ὑπὲρ
932 1452 1060 1530 χεῖλος
1083 1443 1219 1529 βάλῃς,

235 1551 321 1634 quod
345 1549 482 1616 tradidit
506 1549 706 1634 Harpocrat,
729 1553 936 1634 p,147,17:
960 1549 1205 1636 παρακρούεται
1228 1546 1302 1620 ἀντὶ

235 1666 296 1726 τοῦ
312 1662 465 1744 ἐξαπατᾷ.
495 1665 651 1745 μετῆκται
667 1661 703 1726 δὲ
729 1656 877 1744 τοῦνομα
892 1655 959 1725 ιἰπό
976 1664 1038 1725 τοῦ
1054 1656 1133 1732 τοί,Ι
1149 1656 1303 1732 ἱστάντας

234 1793 266 1833 τι
298 1764 316 1852 'l
348 1771 551 1852 μετροῦντας
577 1763 709 1850 κρούειν
738 1761 779 1833 τὰ
804 1770 906 1850 μέτρα
937 1770 990 1832 καί
1024 1769 1173 1833 βιασείειν
1206 1764 1302 1832 ἕνεκα

235 1880 296 1940 τοῦ
320 1880 540 1953 πλεονεκτεῖν,
565 1876 618 1938 καὶ
643 1871 689 1946 ὠς
712 1879 892 1959 Σοφοκλῆς
923 1891 1000 1939 που·
1030 1872 1076 1946 ὡς
1100 1879 1171 1942 κτλ.
1223 1871 1303 1938 Ver·

237 2001 307 2042 sum
335 1978 368 2042 in
392 1977 554 2060 proverbii
578 1978 808 2042 consuetudine
833 1977 940 2059 fuisse,
970 1977 1064 2043 docet
1086 1978 1228 2061 Hesych.
1254 1978 1301 2058 II,

233 2107 262 2168 p,
291 2089 396 2150 1598:
420 2091 576 2171 παροιμία
600 2088 653 2153 ἐπὶ
678 2093 740 2154 τοῦ
763 2091 948 2172 συμμέτρου
966 2090 1156 2172 τασσομένη.
1201 2083 1303 2149 Haud

235 2213 370 2274 usquam
394 2191 472 2256 alibi
494 2191 556 2256 hoe
579 2192 706 2274 legitur,
741 2231 771 2238 —

324 2315 471 2381 Tralatio
503 2338 541 2380 ex
572 2316 731 2380 medicina
764 2315 957 2399 deprompta
987 2317 1128 2382 occurrit
1158 2317 1191 2380 in
1222 2316 1302 2387 Eur,

234 2423 309 2507 frgi.
336 2427 439 2494 1071:
463 2420 591 2494 ι’ίλλιον
615 2423 751 2509 ἰατρὸς
775 2421 893 2500 οὗτος
911 2415 1063 2494 ἕλκεσιν
1079 2425 1213 2510 βρύων
1235 2425 1256 2496 i,
1275 2445 1301 2491 e.

233 2531 303 2614 ipse
327 2530 486 2595 ulceribus
511 2537 638 2596 scatens
668 2531 741 2596 aliis
765 2532 922 2603 medetur,
979 2531 1119 2598 Versum
1142 2531 1303 2615 proverbii

233 2638 339 2704 locum
373 2637 556 2721 obtinuisse!
595 2644 693 2702 testes
725 2645 800 2702 sunt
829 2638 949 2722 Apost.
978 2638 1031 2719 ΙΙ,
1065 2643 1107 2704 26
1141 2646 1174 2703 et
1205 2641 1302 2721 Greg.

227 2745 315 2818 *Nan
344 2752 425 2816 orat.
449 2744 478 2827 I,
504 2769 533 2828 p.
553 2749 571 2810 l
595 2745 643 2815 B:
668 2742 687 2832 ἢ
711 2753 750 2812 ri
752 2772 768 2822 ς
791 2751 965 2833 παροιμίας
980 2746 1023 2832 μί]
1039 2746 1154 2832 πόρρω
1174 2752 1303 2833 θέοιμεν

234 2849 352 2930 ἄλλον,Ι
391 2851 551 2940 ἰατρεύειν
590 2855 831 2940 ἐπιχειροῦντες
869 2849 964 2920 αι’·τοί
994 2836 1153 2940 βρέοντες
1189 2854 1294 2924 ἕλκεσι

236 2957 361 3025 Similes
390 2957 567 3022 sententias
604 2957 802 3040 collegerunt
829 2957 995 3024 Nauekius
1031 2960 1062 3024 in
1087 2960 1194 3042 glossa
1218 2960 1250 3032 h,
1280 2960 1302 3031 l.

236 3074 268 3133 et
290 3064 562 3151 Wyttenbachius
587 3064 630 3128 ad
655 3065 740 3137 Plut
764 3065 882 3138 Moral,
909 3071 948 3130 71
973 3067 1013 3139 F,

323 3174 417 3240 Idem
442 3173 591 3255 exprimit
614 3172 655 3236 ab
680 3172 815 3238 artificio
840 3173 981 3254 quodam
997 3174 1030 3237 in
1047 3173 1158 3238 vitium
1176 3174 1302 3240 cultura

234 3283 379 3349 adhibito
404 3281 553 3366 profecta
577 3281 694 3363 imago,
730 3301 812 3362 quae
836 3280 946 3345 subest
979 3280 1081 3364 Soph.
1105 3280 1180 3364 frgt.
1217 3287 1299 3354 183:

530 3393 649 3457 πέπιον
673 3385 780 3475 ἐρινὸς
803 3385 930 3476 ιἰχρεῐος
954 3387 1002 3458 ὢν

384 3499 423 3572 ἐς
446 3503 596 3583 βρῶσιν
619 3493 761 3571 ἄλλους
785 3496 1015 3581 ἐξερινάζεις
1039 3491 1150 3581 λόγον,

236 3605 324 3669 cuius
349 3626 476 3670 versum
505 3604 643 3687 primum
667 3601 833 3666 Porsonus
866 3602 1011 3687 supplet:
1045 3607 1163 3672 πέπιον
1197 3603 1303 3688 ἐρινὸς

235 3709 281 3789 (ὃς
318 3710 447 3799 ἀχρεῖος
485 3708 586 3786 οὗτὸς
625 3705 683 3778 (ὄν.
745 3709 908 3775 Vinitores
948 3710 1097 3775 solebant
1135 3709 1302 3792 caprificos

237 3818 363 3904 (ε’ρινειί,
387 3817 527 3904 ἐρινοῦς)
552 3838 651 3900 supra
670 3815 747 3879 ficos
771 3815 877 3902 (σῦκα)
896 3816 1101 3901 suspendere,
1127 3823 1163 3882 ut
1186 3816 1302 3881 culices

236 3925 360 3990 axillis
383 3924 416 3987 in
440 3924 499 3988 hos
516 3924 708 4006 transgressi
732 3923 798 3987 ictu
822 3923 898 3987 ficos
923 3923 966 3988 ad
989 3924 1209 3988 maturitatem
1232 3945 1303 4006 per·

237 4032 410 4102 ducerent:
440 4031 527 4113 quod
552 4029 672 4096 Graeci
700 4027 867 4120 ἐρινιίςειν,
892 4031 1093 4117 ἐξερινάζειν,
1118 4029 1228 4094 Latini
1252 4051 1302 4094 ca-

236 4137 386 4224 prificare
409 4146 536 4209 vocant.
583 4139 647 4202 Hic
679 4138 776 4221 igitur
800 4139 909 4201 avadit
933 4158 1064 4207 sensus:
1095 4143 1131 4201 tu
1156 4137 1211 4220 qui
1234 4136 1303 4220 ipse
