<?xml version="1.0" encoding="UTF-8"?>
<!DOCTYPE html PUBLIC "-//W3C//DTD XHTML 1.0 Transitional//EN"
    "http://www.w3.org/TR/xhtml1/DTD/xhtml1-transitional.dtd">
<html xmlns="http://www.w3.org/1999/xhtml" xml:lang="en" lang="en">
 <head>
  <title>
</title>
<meta http-equiv="Content-Type" content="text/html;charset=utf-8" />
  <meta name='ocr-system' content='tesseract 3.04.00' />
  <meta name='ocr-capabilities' content='ocr_page ocr_carea ocr_par ocr_line ocrx_word'/>
</head>
<body>
  <div class='ocr_page' id='page_1' title='image "./quaestionumdepr01kochgoog_0083.png"; bbox 0 0 3116 4996; ppageno 0'>
   <div class='ocr_carea' id='block_1_1' title="bbox 696 507 916 567">
    <p class='ocr_par' dir='ltr' id='par_1_1' title="bbox 696 507 916 567">
     <span class='ocr_line' id='line_1_1' title="bbox 696 507 916 567; baseline 0 -13"><span class='ocrx_word' id='word_1_1' title='bbox 696 507 916 567; x_wconf 78' lang='grc'><strong>-76..</strong></span> 
     </span>
    </p>
   </div>
   <div class='ocr_carea' id='block_1_2' title="bbox 195 687 1339 4242">
    <p class='ocr_par' dir='ltr' id='par_1_2' title="bbox 195 687 1339 2391">
     <span class='ocr_line' id='line_1_2' title="bbox 265 687 1327 787; baseline -0.003 -17"><span class='ocrx_word' id='word_1_2' title='bbox 265 689 376 773; x_wconf 69' lang='grc' dir='ltr'><em>καλῶν</em></span> <span class='ocrx_word' id='word_1_3' title='bbox 407 691 565 777; x_wconf 78' lang='grc' dir='ltr'><em>πολλάκις</em></span> <span class='ocrx_word' id='word_1_4' title='bbox 597 705 709 787; x_wconf 77' lang='grc' dir='ltr'><em>λέγειν,</em></span> <span class='ocrx_word' id='word_1_5' title='bbox 757 697 923 781; x_wconf 82' lang='lat' dir='ltr'>Significat</span> <span class='ocrx_word' id='word_1_6' title='bbox 957 705 1064 762; x_wconf 88' lang='lat' dir='ltr'>autom</span> <span class='ocrx_word' id='word_1_7' title='bbox 1099 687 1327 768; x_wconf 72' lang='grc' dir='ltr'><em>ἀναπολεῖν</em></span> 
     </span>
     <span class='ocr_line' id='line_1_3' title="bbox 264 804 1334 889; baseline -0.004 -15"><span class='ocrx_word' id='word_1_8' title='bbox 264 809 418 874; x_wconf 88' lang='lat' dir='ltr'>tralatum</span> <span class='ocrx_word' id='word_1_9' title='bbox 450 808 491 872; x_wconf 88' lang='lat' dir='ltr'><em>ab</em></span> <span class='ocrx_word' id='word_1_10' title='bbox 531 810 648 872; x_wconf 89' lang='lat' dir='ltr'>iterato</span> <span class='ocrx_word' id='word_1_11' title='bbox 690 808 886 889; x_wconf 78' lang='lat' dir='ltr'>tertiatoque</span> <span class='ocrx_word' id='word_1_12' title='bbox 920 827 1013 888; x_wconf 84' lang='lat' dir='ltr'>agro,</span> <span class='ocrx_word' id='word_1_13' title='bbox 1057 812 1202 888; x_wconf 83' lang='lat' dir='ltr'>repetere</span> <span class='ocrx_word' id='word_1_14' title='bbox 1235 804 1334 870; x_wconf 85' lang='lat' dir='ltr'>verba</span> 
     </span>
     <span class='ocr_line' id='line_1_4' title="bbox 265 913 1339 998; baseline -0.002 -19"><span class='ocrx_word' id='word_1_15' title='bbox 265 936 328 998; x_wconf 90' lang='lat' dir='ltr'><em>quo</em></span> <span class='ocrx_word' id='word_1_16' title='bbox 353 916 454 997; x_wconf 84' lang='lat' dir='ltr'>magis</span> <span class='ocrx_word' id='word_1_17' title='bbox 478 936 529 979; x_wconf 90' lang='lat' dir='ltr'><em>res</em></span> <span class='ocrx_word' id='word_1_18' title='bbox 553 913 730 978; x_wconf 81' lang='lat' dir='ltr'>inculcetur</span> <span class='ocrx_word' id='word_1_19' title='bbox 754 914 819 978; x_wconf 85' lang='lat' dir='ltr'><em>sive</em></span> <span class='ocrx_word' id='word_1_20' title='bbox 837 913 1040 984; x_wconf 77' lang='lat' dir='ltr'>deliberetur,</span> <span class='ocrx_word' id='word_1_21' title='bbox 1087 913 1246 978; x_wconf 84' lang='lat' dir='ltr'>Recurrit</span> <span class='ocrx_word' id='word_1_22' title='bbox 1269 935 1339 978; x_wconf 86' lang='lat' dir='ltr'>vor·</span> 
     </span>
     <span class='ocr_line' id='line_1_5' title="bbox 266 1016 1338 1106; baseline -0.004 -20"><span class='ocrx_word' id='word_1_23' title='bbox 266 1023 339 1086; x_wconf 90' lang='lat' dir='ltr'><em>bum</em></span> <span class='ocrx_word' id='word_1_24' title='bbox 365 1043 416 1105; x_wconf 82' lang='lat' dir='ltr'><em>ap,</em></span> <span class='ocrx_word' id='word_1_25' title='bbox 442 1020 535 1086; x_wconf 86' lang='lat' dir='ltr'>Piud.</span> <span class='ocrx_word' id='word_1_26' title='bbox 561 1020 656 1092; x_wconf 80' lang='lat' dir='ltr'>Nem,</span> <span class='ocrx_word' id='word_1_27' title='bbox 682 1021 760 1101; x_wconf 84' lang='lat' dir='ltr'><em>VH,</em></span> <span class='ocrx_word' id='word_1_28' title='bbox 788 1024 871 1088; x_wconf 79' lang='lat'>104:</span> <span class='ocrx_word' id='word_1_29' title='bbox 905 1019 1007 1088; x_wconf 79' lang='grc' dir='ltr'><em>τιιάτά</em></span> <span class='ocrx_word' id='word_1_30' title='bbox 1041 1023 1076 1088; x_wconf 76' lang='grc' dir='ltr'><em>δέ</em></span> <span class='ocrx_word' id='word_1_31' title='bbox 1102 1025 1171 1106; x_wconf 80' lang='grc' dir='ltr'><em>τρὶς</em></span> <span class='ocrx_word' id='word_1_32' title='bbox 1200 1016 1338 1104; x_wconf 83' lang='grc' dir='ltr'><em>τετράκι</em></span> 
     </span>
     <span class='ocr_line' id='line_1_6' title="bbox 195 1123 1336 1218; baseline -0.012 -20"><span class='ocrx_word' id='word_1_33' title='bbox 195 1153 200 1163; x_wconf 90' lang='grc'><em>·</em></span> <span class='ocrx_word' id='word_1_34' title='bbox 264 1133 293 1197; x_wconf 84' lang='grc' dir='ltr'><em>τ’</em></span> <span class='ocrx_word' id='word_1_35' title='bbox 311 1128 469 1218; x_wconf 83' lang='grc' dir='ltr'><em>ἀμπολεῖν</em></span> <span class='ocrx_word' id='word_1_36' title='bbox 504 1127 624 1215; x_wconf 86' lang='grc' dir='ltr'><em>ἀπορία</em></span> <span class='ocrx_word' id='word_1_37' title='bbox 648 1133 775 1196; x_wconf 66' lang='grc' dir='ltr'><em>τελέθει</em></span> <span class='ocrx_word' id='word_1_38' title='bbox 807 1135 839 1192; x_wconf 83' lang='lat' dir='ltr'><em>et</em></span> <span class='ocrx_word' id='word_1_39' title='bbox 872 1149 923 1212; x_wconf 76' lang='lat' dir='ltr'><em>ap.</em></span> <span class='ocrx_word' id='word_1_40' title='bbox 949 1126 1035 1194; x_wconf 83' lang='lat' dir='ltr'>Plai.</span> <span class='ocrx_word' id='word_1_41' title='bbox 1059 1125 1184 1191; x_wconf 86' lang='lat' dir='ltr'>Phileb.</span> <span class='ocrx_word' id='word_1_42' title='bbox 1221 1129 1264 1189; x_wconf 88' lang='lat'><em>34</em></span> <span class='ocrx_word' id='word_1_43' title='bbox 1286 1123 1336 1186; x_wconf 85' lang='lat' dir='ltr'><em>B:</em></span> 
     </span>
     <span class='ocr_line' id='line_1_7' title="bbox 264 1229 1339 1329; baseline -0.003 -25"><span class='ocrx_word' id='word_1_44' title='bbox 264 1237 393 1326; x_wconf 71' lang='grc' dir='ltr'><em>μνήμην</em></span> <span class='ocrx_word' id='word_1_45' title='bbox 417 1234 603 1329; x_wconf 81' lang='grc' dir='ltr'><em>ἀναπολεῖν,</em></span> <span class='ocrx_word' id='word_1_46' title='bbox 634 1233 720 1317; x_wconf 90' lang='lat' dir='ltr'>quod</span> <span class='ocrx_word' id='word_1_47' title='bbox 745 1233 862 1299; x_wconf 86' lang='lat' dir='ltr'>Suidas</span> <span class='ocrx_word' id='word_1_48' title='bbox 899 1237 1132 1318; x_wconf 87' lang='lat' dir='ltr'>intorpretatur</span> <span class='ocrx_word' id='word_1_49' title='bbox 1165 1229 1339 1320; x_wconf 73' lang='grc' dir='ltr'><em>ἀναμιμνη-</em></span> 
     </span>
     <span class='ocr_line' id='line_1_8' title="bbox 265 1338 1336 1426; baseline -0.009 -15"><span class='ocrx_word' id='word_1_50' title='bbox 265 1354 410 1426; x_wconf 74' lang='grc' dir='ltr'><em>σκεσίλαι,</em></span> <span class='ocrx_word' id='word_1_51' title='bbox 444 1349 542 1425; x_wconf 85' lang='lat' dir='ltr'>atquc</span> <span class='ocrx_word' id='word_1_52' title='bbox 567 1342 777 1424; x_wconf 86' lang='lat' dir='ltr'>compositum</span> <span class='ocrx_word' id='word_1_53' title='bbox 810 1340 895 1404; x_wconf 85' lang='lat' dir='ltr'>idem</span> <span class='ocrx_word' id='word_1_54' title='bbox 919 1341 1028 1406; x_wconf 86' lang='lat' dir='ltr'>valens</span> <span class='ocrx_word' id='word_1_55' title='bbox 1052 1341 1085 1404; x_wconf 91' lang='lat' dir='ltr'><em>in</em></span> <span class='ocrx_word' id='word_1_56' title='bbox 1117 1338 1201 1408; x_wconf 85' lang='lat' dir='ltr'>Plat.</span> <span class='ocrx_word' id='word_1_57' title='bbox 1235 1338 1336 1419; x_wconf 70' lang='lat' dir='ltr'>[regg.</span> 
     </span>
     <span class='ocr_line' id='line_1_9' title="bbox 264 1439 1337 1533; baseline -0.003 -16"><span class='ocrx_word' id='word_1_58' title='bbox 264 1450 324 1532; x_wconf 88' lang='lat' dir='ltr'><em>IV,</em></span> <span class='ocrx_word' id='word_1_59' title='bbox 346 1454 407 1513; x_wconf 75' lang='grc'><em>723</em></span> <span class='ocrx_word' id='word_1_60' title='bbox 419 1447 468 1520; x_wconf 80' lang='lat' dir='ltr'><em>E:</em></span> <span class='ocrx_word' id='word_1_61' title='bbox 492 1444 592 1518; x_wconf 81' lang='grc' dir='ltr'><em>πόλιν</em></span> <span class='ocrx_word' id='word_1_62' title='bbox 609 1441 679 1531; x_wconf 65' lang='grc' dir='ltr'><em>οὖν,</em></span> <span class='ocrx_word' id='word_1_63' title='bbox 705 1439 776 1517; x_wconf 78' lang='grc' dir='ltr'><em>οἷόν</em></span> <span class='ocrx_word' id='word_1_64' title='bbox 793 1471 891 1533; x_wconf 80' lang='grc' dir='ltr'><em>φασιν</em></span> <span class='ocrx_word' id='word_1_65' title='bbox 908 1450 939 1516; x_wconf 87' lang='grc' dir='ltr'><em>οἱ</em></span> <span class='ocrx_word' id='word_1_66' title='bbox 954 1453 1137 1533; x_wconf 76' lang='grc' dir='ltr'><em>παίζοντες,</em></span> <span class='ocrx_word' id='word_1_67' title='bbox 1155 1444 1337 1533; x_wconf 77' lang='grc' dir='ltr'><em>ἀμεινόνων</em></span> 
     </span>
     <span class='ocr_line' id='line_1_10' title="bbox 264 1553 1337 1644; baseline -0.008 -19"><span class='ocrx_word' id='word_1_68' title='bbox 264 1559 299 1641; x_wconf 72' lang='grc' dir='ltr'><em>ἐξ</em></span> <span class='ocrx_word' id='word_1_69' title='bbox 322 1554 421 1644; x_wconf 78' lang='grc' dir='ltr'><em>ἀρχῆς</em></span> <span class='ocrx_word' id='word_1_70' title='bbox 449 1561 615 1642; x_wconf 84' lang='grc' dir='ltr'><em>δευτέρων</em></span> <span class='ocrx_word' id='word_1_71' title='bbox 651 1554 961 1642; x_wconf 68' lang='grc' dir='ltr'><em>ἐπαναπολήσωμεν.</em></span> <span class='ocrx_word' id='word_1_72' title='bbox 1011 1553 1116 1637; x_wconf 77' lang='lat' dir='ltr'>Quem</span> <span class='ocrx_word' id='word_1_73' title='bbox 1149 1554 1255 1618; x_wconf 86' lang='lat' dir='ltr'>locum</span> <span class='ocrx_word' id='word_1_74' title='bbox 1292 1553 1337 1616; x_wconf 89' lang='lat' dir='ltr'><em>sic</em></span> 
     </span>
     <span class='ocr_line' id='line_1_11' title="bbox 264 1659 1336 1749; baseline -0.001 -21"><span class='ocrx_word' id='word_1_75' title='bbox 264 1665 403 1749; x_wconf 85' lang='lat' dir='ltr'>explicat</span> <span class='ocrx_word' id='word_1_76' title='bbox 426 1663 523 1733; x_wconf 83' lang='lat' dir='ltr'>schol,</span> <span class='ocrx_word' id='word_1_77' title='bbox 541 1686 572 1746; x_wconf 92' lang='lat' dir='ltr'><em>p.</em></span> <span class='ocrx_word' id='word_1_78' title='bbox 590 1665 674 1734; x_wconf 84' lang='lat'>451:</span> <span class='ocrx_word' id='word_1_79' title='bbox 701 1667 902 1749; x_wconf 81' lang='grc' dir='ltr'><em>δευτέρων</em></span> <span class='ocrx_word' id='word_1_80' title='bbox 924 1659 1154 1748; x_wconf 78' lang='grc' dir='ltr'><em>ἀμεινόνων</em></span> <span class='ocrx_word' id='word_1_81' title='bbox 1179 1665 1336 1748; x_wconf 74' lang='grc' dir='ltr'><em>παροιμία</em></span> 
     </span>
     <span class='ocr_line' id='line_1_12' title="bbox 264 1771 1335 1859; baseline -0.004 -19"><span class='ocrx_word' id='word_1_82' title='bbox 264 1777 421 1859; x_wconf 74' lang='grc' dir='ltr'><em>λεγομένη</em></span> <span class='ocrx_word' id='word_1_83' title='bbox 436 1775 495 1857; x_wconf 82' lang='grc' dir='ltr'><em>μέν·</em></span> <span class='ocrx_word' id='word_1_84' title='bbox 511 1774 565 1839; x_wconf 85' lang='grc' dir='ltr'><em>ἐπί</em></span> <span class='ocrx_word' id='word_1_85' title='bbox 582 1778 651 1839; x_wconf 82' lang='grc' dir='ltr'><em>τιόν</em></span> <span class='ocrx_word' id='word_1_86' title='bbox 661 1775 839 1855; x_wconf 72' lang='grc' dir='ltr'><em>θυομένων</em></span> <span class='ocrx_word' id='word_1_87' title='bbox 849 1771 886 1836; x_wconf 87' lang='grc' dir='ltr'><em>έκ</em></span> <span class='ocrx_word' id='word_1_88' title='bbox 898 1774 1064 1855; x_wconf 78' lang='grc' dir='ltr'><em>δευτέρον,</em></span> <span class='ocrx_word' id='word_1_89' title='bbox 1081 1776 1150 1838; x_wconf 78' lang='grc' dir='ltr'><em>τῶν</em></span> <span class='ocrx_word' id='word_1_90' title='bbox 1160 1772 1335 1854; x_wconf 88' lang='grc' dir='ltr'><em>προτέρων</em></span> 
     </span>
     <span class='ocr_line' id='line_1_13' title="bbox 264 1873 1337 1966; baseline -0.006 -17"><span class='ocrx_word' id='word_1_91' title='bbox 264 1878 425 1949; x_wconf 80' lang='grc' dir='ltr'><em>ἀπαισίων</em></span> <span class='ocrx_word' id='word_1_92' title='bbox 459 1877 641 1964; x_wconf 79' lang='grc' dir='ltr'><em>ὀφθέντων</em></span> <span class='ocrx_word' id='word_1_93' title='bbox 676 1873 809 1966; x_wconf 61' lang='grc' dir='ltr'><em>δηλαδή</em></span> <span class='ocrx_word' id='word_1_94' title='bbox 847 1882 1004 1964; x_wconf 79' lang='grc' dir='ltr'><em>μετῆκται</em></span> <span class='ocrx_word' id='word_1_95' title='bbox 1044 1879 1080 1943; x_wconf 75' lang='grc' dir='ltr'><em>δέ</em></span> <span class='ocrx_word' id='word_1_96' title='bbox 1124 1877 1161 1942; x_wconf 87' lang='grc' dir='ltr'><em>έκ</em></span> <span class='ocrx_word' id='word_1_97' title='bbox 1205 1874 1337 1943; x_wconf 82' lang='grc' dir='ltr'><em>τούτων</em></span> 
     </span>
     <span class='ocr_line' id='line_1_14' title="bbox 264 1980 1336 2073; baseline -0.006 -17"><span class='ocrx_word' id='word_1_98' title='bbox 264 1993 317 2057; x_wconf 86' lang='grc' dir='ltr'><em>καί</em></span> <span class='ocrx_word' id='word_1_99' title='bbox 351 1991 404 2056; x_wconf 84' lang='grc' dir='ltr'><em>έπί</em></span> <span class='ocrx_word' id='word_1_100' title='bbox 437 1995 507 2056; x_wconf 75' lang='grc' dir='ltr'><em>τῶν</em></span> <span class='ocrx_word' id='word_1_101' title='bbox 539 1987 723 2073; x_wconf 80' lang='grc' dir='ltr'><em>λεγομένων</em></span> <span class='ocrx_word' id='word_1_102' title='bbox 757 1981 915 2070; x_wconf 67' lang='grc' dir='ltr'><em>διιίτερον</em></span> <span class='ocrx_word' id='word_1_103' title='bbox 948 1991 1017 2052; x_wconf 81' lang='grc' dir='ltr'><em>τιόν</em></span> <span class='ocrx_word' id='word_1_104' title='bbox 1050 1980 1175 2066; x_wconf 62' lang='lat' dir='ltr'><em>eorico,</em></span> <span class='ocrx_word' id='word_1_105' title='bbox 1207 1980 1336 2050; x_wconf 82' lang='grc' dir='ltr'><em>ὁπόταν</em></span> 
     </span>
     <span class='ocr_line' id='line_1_15' title="bbox 264 2087 1335 2184; baseline -0.006 -22"><span class='ocrx_word' id='word_1_106' title='bbox 264 2097 307 2184; x_wconf 78' lang='grc' dir='ltr'><em>μη</em></span> <span class='ocrx_word' id='word_1_107' title='bbox 331 2096 414 2164; x_wconf 81' lang='grc' dir='ltr'><em>κατὰ</em></span> <span class='ocrx_word' id='word_1_108' title='bbox 437 2095 568 2182; x_wconf 85' lang='grc' dir='ltr'><em>ννιόμην</em></span> <span class='ocrx_word' id='word_1_109' title='bbox 592 2094 752 2181; x_wconf 68' lang='grc' dir='ltr'><em>ἡμετέραν</em></span> <span class='ocrx_word' id='word_1_110' title='bbox 775 2100 887 2181; x_wconf 76' lang='grc' dir='ltr'><em>προβῇ</em></span> <span class='ocrx_word' id='word_1_111' title='bbox 912 2091 951 2160; x_wconf 78' lang='lat' dir='ltr'><em>cci</em></span> <span class='ocrx_word' id='word_1_112' title='bbox 975 2087 1131 2178; x_wconf 87' lang='grc' dir='ltr'><em>πρότερα.</em></span> <span class='ocrx_word' id='word_1_113' title='bbox 1150 2120 1154 2130; x_wconf 75' lang='grc'><strong>’</strong></span> <span class='ocrx_word' id='word_1_114' title='bbox 1171 2091 1247 2155; x_wconf 85' lang='grc' dir='ltr'><em>Ηοο</em></span> <span class='ocrx_word' id='word_1_115' title='bbox 1262 2111 1335 2175; x_wconf 87' lang='lat' dir='ltr'>pro-</span> 
     </span>
     <span class='ocr_line' id='line_1_16' title="bbox 266 2198 1334 2287; baseline -0.004 -22"><span class='ocrx_word' id='word_1_116' title='bbox 266 2203 410 2266; x_wconf 82' lang='lat' dir='ltr'>verbium</span> <span class='ocrx_word' id='word_1_117' title='bbox 434 2202 474 2266; x_wconf 86' lang='lat' dir='ltr'><em>ab</em></span> <span class='ocrx_word' id='word_1_118' title='bbox 508 2202 576 2266; x_wconf 84' lang='lat' dir='ltr'><em>Zeu</em></span> <span class='ocrx_word' id='word_1_119' title='bbox 609 2200 677 2283; x_wconf 87' lang='grc' dir='ltr'>ΙΙΙ,</span> <span class='ocrx_word' id='word_1_120' title='bbox 706 2205 764 2282; x_wconf 83' lang='lat'><em>15;</em></span> <span class='ocrx_word' id='word_1_121' title='bbox 790 2201 886 2283; x_wconf 79' lang='lat' dir='ltr'>Diog.</span> <span class='ocrx_word' id='word_1_122' title='bbox 910 2200 972 2281; x_wconf 77' lang='lat' dir='ltr'><em>IV,</em></span> <span class='ocrx_word' id='word_1_123' title='bbox 1000 2203 1059 2287; x_wconf 82' lang='lat'><em>15;</em></span> <span class='ocrx_word' id='word_1_124' title='bbox 1085 2198 1202 2282; x_wconf 87' lang='lat' dir='ltr'>Apost.</span> <span class='ocrx_word' id='word_1_125' title='bbox 1228 2199 1268 2279; x_wconf 88' lang='lat' dir='ltr'><em>V,</em></span> <span class='ocrx_word' id='word_1_126' title='bbox 1293 2203 1334 2262; x_wconf 74' lang='grc'><em>88</em></span> 
     </span>
     <span class='ocr_line' id='line_1_17' title="bbox 266 2307 1122 2391; baseline -0.004 -19"><span class='ocrx_word' id='word_1_127' title='bbox 266 2315 430 2391; x_wconf 87' lang='lat' dir='ltr'>receptum</span> <span class='ocrx_word' id='word_1_128' title='bbox 455 2309 633 2390; x_wconf 81' lang='lat' dir='ltr'>respexisse</span> <span class='ocrx_word' id='word_1_129' title='bbox 657 2307 783 2372; x_wconf 87' lang='lat' dir='ltr'>videtur</span> <span class='ocrx_word' id='word_1_130' title='bbox 807 2308 886 2378; x_wconf 81' lang='lat' dir='ltr'>Eur,</span> <span class='ocrx_word' id='word_1_131' title='bbox 910 2307 1012 2390; x_wconf 88' lang='lat' dir='ltr'>Hipp.</span> <span class='ocrx_word' id='word_1_132' title='bbox 1037 2309 1122 2376; x_wconf 76' lang='lat'><strong>435:</strong></span> 
     </span>
    </p>

    <p class='ocr_par' dir='ltr' id='par_1_3' title="bbox 374 2410 1195 2501">
     <span class='ocr_line' id='line_1_18' title="bbox 374 2410 1195 2501; baseline -0.004 -17"><span class='ocrx_word' id='word_1_133' title='bbox 374 2423 434 2498; x_wconf 72' lang='lat' dir='ltr'>ruia</span> <span class='ocrx_word' id='word_1_134' title='bbox 459 2417 487 2484; x_wconf 82' lang='grc' dir='ltr'><em>δ’</em></span> <span class='ocrx_word' id='word_1_135' title='bbox 513 2418 688 2501; x_wconf 76' lang='grc' dir='ltr'><em>έννοοάμαι</em></span> <span class='ocrx_word' id='word_1_136' title='bbox 713 2423 837 2500; x_wconf 70' lang='grc' dir='ltr'><em>ηαάλος</em></span> <span class='ocrx_word' id='word_1_137' title='bbox 861 2411 950 2482; x_wconf 71' lang='grc' dir='ltr'><em>οὖσαΙ</em></span> <span class='ocrx_word' id='word_1_138' title='bbox 975 2410 1038 2482; x_wconf 90' lang='grc' dir='ltr'><em>κάν</em></span> <span class='ocrx_word' id='word_1_139' title='bbox 1061 2422 1195 2500; x_wconf 75' lang='grc' dir='ltr'><em>βροτοῖς</em></span> 
     </span>
    </p>

    <p class='ocr_par' dir='ltr' id='par_1_4' title="bbox 374 2521 1222 2608">
     <span class='ocr_line' id='line_1_19' title="bbox 374 2521 1222 2608; baseline -0.001 -18"><span class='ocrx_word' id='word_1_140' title='bbox 374 2524 411 2590; x_wconf 83' lang='grc' dir='ltr'><em>αἱ</em></span> <span class='ocrx_word' id='word_1_141' title='bbox 436 2522 623 2608; x_wconf 73' lang='grc' dir='ltr'><em>δεύτεραί</em></span> <span class='ocrx_word' id='word_1_142' title='bbox 646 2548 730 2597; x_wconf 88' lang='grc' dir='ltr'><em>πιος</em></span> <span class='ocrx_word' id='word_1_143' title='bbox 754 2527 970 2607; x_wconf 74' lang='grc' dir='ltr'><em>φροντίδες</em></span> <span class='ocrx_word' id='word_1_144' title='bbox 994 2521 1222 2607; x_wconf 79' lang='grc' dir='ltr'><em>σοφώτεραι.</em></span> 
     </span>
    </p>

    <p class='ocr_par' dir='ltr' id='par_1_5' title="bbox 266 2643 1336 2948">
     <span class='ocr_line' id='line_1_20' title="bbox 357 2643 1335 2728; baseline -0.004 -16"><span class='ocrx_word' id='word_1_145' title='bbox 357 2646 422 2712; x_wconf 78' lang='lat' dir='ltr'><em>sed</em></span> <span class='ocrx_word' id='word_1_146' title='bbox 448 2646 546 2711; x_wconf 82' lang='lat' dir='ltr'>redeo</span> <span class='ocrx_word' id='word_1_147' title='bbox 571 2645 612 2710; x_wconf 85' lang='lat' dir='ltr'><em>ad</em></span> <span class='ocrx_word' id='word_1_148' title='bbox 629 2645 760 2709; x_wconf 84' lang='lat' dir='ltr'>verbum</span> <span class='ocrx_word' id='word_1_149' title='bbox 777 2643 969 2715; x_wconf 76' lang='grc' dir='ltr'><em>ιἰναπολεῖνι</em></span> <span class='ocrx_word' id='word_1_150' title='bbox 994 2666 1090 2726; x_wconf 87' lang='lat' dir='ltr'>qoam</span> <span class='ocrx_word' id='word_1_151' title='bbox 1107 2645 1335 2728; x_wconf 81' lang='lat' dir='ltr'>urataphorom</span> 
     </span>
     <span class='ocr_line' id='line_1_21' title="bbox 266 2750 1336 2837; baseline -0.004 -20"><span class='ocrx_word' id='word_1_152' title='bbox 266 2755 291 2817; x_wconf 91' lang='lat' dir='ltr'><em>si</em></span> <span class='ocrx_word' id='word_1_153' title='bbox 318 2761 405 2818; x_wconf 87' lang='lat' dir='ltr'>recte</span> <span class='ocrx_word' id='word_1_154' title='bbox 430 2751 684 2837; x_wconf 71' lang='lat' dir='ltr'>proverbialibus</span> <span class='ocrx_word' id='word_1_155' title='bbox 711 2751 880 2833; x_wconf 85' lang='lat' dir='ltr'>vindicavi,</span> <span class='ocrx_word' id='word_1_156' title='bbox 914 2750 999 2816; x_wconf 88' lang='lat' dir='ltr'>idern</span> <span class='ocrx_word' id='word_1_157' title='bbox 1024 2753 1192 2816; x_wconf 86' lang='lat' dir='ltr'>statuerim</span> <span class='ocrx_word' id='word_1_158' title='bbox 1217 2751 1257 2816; x_wconf 86' lang='lat' dir='ltr'><em>dc</em></span> <span class='ocrx_word' id='word_1_159' title='bbox 1281 2750 1336 2815; x_wconf 89' lang='lat' dir='ltr'><em>ad·</em></span> 
     </span>
     <span class='ocr_line' id='line_1_22' title="bbox 269 2857 1238 2948; baseline -0.003 -20"><span class='ocrx_word' id='word_1_160' title='bbox 269 2861 383 2925; x_wconf 83' lang='lat' dir='ltr'>icctivo</span> <span class='ocrx_word' id='word_1_161' title='bbox 409 2858 630 2948; x_wconf 87' lang='grc' dir='ltr'><em>τριπόλιστος,</em></span> <span class='ocrx_word' id='word_1_162' title='bbox 656 2860 744 2942; x_wconf 80' lang='lat' dir='ltr'>quod</span> <span class='ocrx_word' id='word_1_163' title='bbox 767 2860 901 2942; x_wconf 83' lang='lat' dir='ltr'>legimus</span> <span class='ocrx_word' id='word_1_164' title='bbox 927 2857 1027 2943; x_wconf 83' lang='lat' dir='ltr'>Soph.</span> <span class='ocrx_word' id='word_1_165' title='bbox 1052 2859 1129 2927; x_wconf 85' lang='lat' dir='ltr'>Ant.</span> <span class='ocrx_word' id='word_1_166' title='bbox 1156 2861 1238 2929; x_wconf 79' lang='lat'>858:</span> 
     </span>
    </p>

    <p class='ocr_par' dir='ltr' id='par_1_6' title="bbox 506 2966 1060 3055">
     <span class='ocr_line' id='line_1_23' title="bbox 506 2966 1060 3055; baseline 0 -19"><span class='ocrx_word' id='word_1_167' title='bbox 506 2968 632 3054; x_wconf 84' lang='grc' dir='ltr'><em>πατρὸς</em></span> <span class='ocrx_word' id='word_1_168' title='bbox 657 2968 913 3055; x_wconf 74' lang='grc' dir='ltr'><em>τριπόλιστον</em></span> <span class='ocrx_word' id='word_1_169' title='bbox 937 2966 1060 3036; x_wconf 84' lang='grc' dir='ltr'><em>οἶκτον-</em></span> 
     </span>
    </p>

    <p class='ocr_par' dir='ltr' id='par_1_7' title="bbox 264 3070 1338 4242">
     <span class='ocr_line' id='line_1_24' title="bbox 267 3070 1337 3158; baseline 0.001 -20"><span class='ocrx_word' id='word_1_170' title='bbox 267 3075 364 3144; x_wconf 88' lang='lat' dir='ltr'>Vocis</span> <span class='ocrx_word' id='word_1_171' title='bbox 409 3075 471 3139; x_wconf 86' lang='lat' dir='ltr'><em>vim</em></span> <span class='ocrx_word' id='word_1_172' title='bbox 520 3075 673 3158; x_wconf 81' lang='lat' dir='ltr'>explanat</span> <span class='ocrx_word' id='word_1_173' title='bbox 722 3074 821 3145; x_wconf 77' lang='lat' dir='ltr'>schol,</span> <span class='ocrx_word' id='word_1_174' title='bbox 862 3075 925 3137; x_wconf 88' lang='lat' dir='ltr'><em>sic:</em></span> <span class='ocrx_word' id='word_1_175' title='bbox 973 3074 1129 3149; x_wconf 74' lang='grc' dir='ltr'><em>πολλάκις</em></span> <span class='ocrx_word' id='word_1_176' title='bbox 1172 3070 1337 3142; x_wconf 85' lang='grc' dir='ltr'><em>ἀναπεπο-</em></span> 
     </span>
     <span class='ocr_line' id='line_1_25' title="bbox 267 3175 1336 3269; baseline -0.003 -19"><span class='ocrx_word' id='word_1_177' title='bbox 267 3187 407 3269; x_wconf 87' lang='grc' dir='ltr'><em>λημένον</em></span> <span class='ocrx_word' id='word_1_178' title='bbox 431 3181 450 3268; x_wconf 75' lang='grc' dir='ltr'><em>ἢ</em></span> <span class='ocrx_word' id='word_1_179' title='bbox 486 3182 643 3268; x_wconf 82' lang='grc' dir='ltr'><em>διιίσημον</em></span> <span class='ocrx_word' id='word_1_180' title='bbox 671 3187 724 3250; x_wconf 89' lang='grc' dir='ltr'><em>καί</em></span> <span class='ocrx_word' id='word_1_181' title='bbox 757 3175 929 3266; x_wconf 80' lang='grc' dir='ltr'><em>πανταχοῦ</em></span> <span class='ocrx_word' id='word_1_182' title='bbox 960 3179 1165 3268; x_wconf 81' lang='grc' dir='ltr'><em>ἀκονόμενον</em></span> <span class='ocrx_word' id='word_1_183' title='bbox 1194 3185 1248 3248; x_wconf 87' lang='grc' dir='ltr'><em>καί</em></span> <span class='ocrx_word' id='word_1_184' title='bbox 1276 3206 1336 3248; x_wconf 87' lang='grc' dir='ltr'><em>πο-</em></span> 
     </span>
     <span class='ocr_line' id='line_1_26' title="bbox 267 3282 1337 3377; baseline -0.004 -19"><span class='ocrx_word' id='word_1_185' title='bbox 267 3286 437 3377; x_wconf 79' lang='grc' dir='ltr'><em>λοόμενον,</em></span> <span class='ocrx_word' id='word_1_186' title='bbox 471 3296 503 3354; x_wconf 74' lang='lat' dir='ltr'><em>et</em></span> <span class='ocrx_word' id='word_1_187' title='bbox 527 3288 636 3370; x_wconf 76' lang='lat' dir='ltr'>glOSsa</span> <span class='ocrx_word' id='word_1_188' title='bbox 669 3287 824 3356; x_wconf 72' lang='lat' dir='ltr'><em>adnotat:</em></span> <span class='ocrx_word' id='word_1_189' title='bbox 857 3287 1133 3375; x_wconf 74' lang='grc' dir='ltr'><em>πολοθρλλητον</em></span> <span class='ocrx_word' id='word_1_190' title='bbox 1169 3292 1222 3355; x_wconf 84' lang='grc' dir='ltr'><em>καὶ</em></span> <span class='ocrx_word' id='word_1_191' title='bbox 1256 3282 1337 3355; x_wconf 82' lang='grc' dir='ltr'><em>πόν-</em></span> 
     </span>
     <span class='ocr_line' id='line_1_27' title="bbox 268 3391 1337 3488; baseline -0.007 -20"><span class='ocrx_word' id='word_1_192' title='bbox 268 3405 371 3488; x_wconf 92' lang='grc' dir='ltr'><em>δημον</em></span> <span class='ocrx_word' id='word_1_193' title='bbox 398 3402 583 3482; x_wconf 79' lang='grc' dir='ltr'><em>δνοτνχίαν,</em></span> <span class='ocrx_word' id='word_1_194' title='bbox 616 3391 655 3482; x_wconf 76' lang='grc' dir='ltr'><em>ἣν</em></span> <span class='ocrx_word' id='word_1_195' title='bbox 686 3402 751 3470; x_wconf 80' lang='grc' dir='ltr'><em>πᾶς</em></span> <span class='ocrx_word' id='word_1_196' title='bbox 782 3396 870 3462; x_wconf 81' lang='grc' dir='ltr'><em>ἐλεεῖ.</em></span> <span class='ocrx_word' id='word_1_197' title='bbox 928 3394 1080 3478; x_wconf 79' lang='lat' dir='ltr'>Apparet</span> <span class='ocrx_word' id='word_1_198' title='bbox 1102 3395 1200 3477; x_wconf 82' lang='lat' dir='ltr'>igitur</span> <span class='ocrx_word' id='word_1_199' title='bbox 1224 3393 1337 3481; x_wconf 86' lang='grc' dir='ltr'><em>τριπό-</em></span> 
     </span>
     <span class='ocr_line' id='line_1_28' title="bbox 267 3499 1335 3590; baseline -0.005 -15"><span class='ocrx_word' id='word_1_200' title='bbox 267 3516 380 3575; x_wconf 84' lang='grc' dir='ltr'><em>λιστον</em></span> <span class='ocrx_word' id='word_1_201' title='bbox 403 3505 488 3569; x_wconf 86' lang='lat' dir='ltr'>idem</span> <span class='ocrx_word' id='word_1_202' title='bbox 513 3499 691 3584; x_wconf 84' lang='lat' dir='ltr'>significare</span> <span class='ocrx_word' id='word_1_203' title='bbox 716 3508 812 3584; x_wconf 89' lang='lat' dir='ltr'>atque</span> <span class='ocrx_word' id='word_1_204' title='bbox 837 3503 1039 3590; x_wconf 88' lang='grc' dir='ltr'><em>τριπόλητον</em></span> <span class='ocrx_word' id='word_1_205' title='bbox 1068 3510 1100 3566; x_wconf 90' lang='lat' dir='ltr'><em>et</em></span> <span class='ocrx_word' id='word_1_206' title='bbox 1125 3501 1164 3566; x_wconf 89' lang='lat' dir='ltr'><em>ab</em></span> <span class='ocrx_word' id='word_1_207' title='bbox 1189 3507 1335 3588; x_wconf 71' lang='grc' dir='ltr'><em>στολίζειν</em></span> 
     </span>
     <span class='ocr_line' id='line_1_29' title="bbox 266 3603 1336 3692; baseline -0.007 -12"><span class='ocrx_word' id='word_1_208' title='bbox 266 3647 310 3662; x_wconf 80' lang='lat'>=-—-</span> <span class='ocrx_word' id='word_1_209' title='bbox 335 3603 458 3680; x_wconf 87' lang='grc' dir='ltr'><em>πολεῐν</em></span> <span class='ocrx_word' id='word_1_210' title='bbox 474 3631 543 3674; x_wconf 86' lang='lat' dir='ltr'><em>esse</em></span> <span class='ocrx_word' id='word_1_211' title='bbox 569 3608 787 3690; x_wconf 87' lang='lat' dir='ltr'>derivandum,</span> <span class='ocrx_word' id='word_1_212' title='bbox 813 3608 846 3671; x_wconf 90' lang='lat' dir='ltr'><em>id</em></span> <span class='ocrx_word' id='word_1_213' title='bbox 871 3610 958 3692; x_wconf 89' lang='lat' dir='ltr'>quod</span> <span class='ocrx_word' id='word_1_214' title='bbox 983 3608 1208 3692; x_wconf 84' lang='lat' dir='ltr'>Schneidcrus,</span> <span class='ocrx_word' id='word_1_215' title='bbox 1234 3607 1336 3673; x_wconf 85' lang='lat' dir='ltr'>Reisi-</span> 
     </span>
     <span class='ocr_line' id='line_1_30' title="bbox 266 3715 1336 3802; baseline -0.003 -19"><span class='ocrx_word' id='word_1_216' title='bbox 266 3721 346 3801; x_wconf 79' lang='lat' dir='ltr'>giuS‚</span> <span class='ocrx_word' id='word_1_217' title='bbox 371 3717 537 3783; x_wconf 76' lang='lat' dir='ltr'>Bookhius</span> <span class='ocrx_word' id='word_1_218' title='bbox 564 3716 618 3802; x_wconf 82' lang='lat' dir='ltr'><strong>(kl,</strong></span> <span class='ocrx_word' id='word_1_219' title='bbox 644 3715 736 3786; x_wconf 79' lang='lat' dir='ltr'>Schr.</span> <span class='ocrx_word' id='word_1_220' title='bbox 760 3715 871 3800; x_wconf 84' lang='lat' dir='ltr'>Suppl.</span> <span class='ocrx_word' id='word_1_221' title='bbox 899 3718 926 3798; x_wconf 82' lang='grc' dir='ltr'><em>Ι,</em></span> <span class='ocrx_word' id='word_1_222' title='bbox 950 3739 979 3799; x_wconf 93' lang='lat' dir='ltr'><em>p.</em></span> <span class='ocrx_word' id='word_1_223' title='bbox 1007 3721 1070 3780; x_wconf 77' lang='lat'><em>220</em></span> <span class='ocrx_word' id='word_1_224' title='bbox 1088 3716 1120 3802; x_wconf 74' lang='lat' dir='ltr'><em>f)</em></span> <span class='ocrx_word' id='word_1_225' title='bbox 1142 3721 1336 3787; x_wconf 81' lang='lat' dir='ltr'>statuerunt,</span> 
     </span>
     <span class='ocr_line' id='line_1_31' title="bbox 267 3813 1337 3909; baseline -0.003 -19"><span class='ocrx_word' id='word_1_226' title='bbox 267 3826 379 3909; x_wconf 85' lang='lat' dir='ltr'>Atque</span> <span class='ocrx_word' id='word_1_227' title='bbox 412 3827 463 3889; x_wconf 90' lang='lat' dir='ltr'><em>hic</em></span> <span class='ocrx_word' id='word_1_228' title='bbox 496 3826 661 3909; x_wconf 88' lang='lat' dir='ltr'>praeclare</span> <span class='ocrx_word' id='word_1_229' title='bbox 684 3813 937 3907; x_wconf 82' lang='lat' dir='ltr'>interpretatur:</span> <span class='ocrx_word' id='word_1_230' title='bbox 974 3845 1027 3906; x_wconf 84' lang='lat' dir='ltr'><em>„es</em></span> <span class='ocrx_word' id='word_1_231' title='bbox 1060 3825 1102 3888; x_wconf 86' lang='lat' dir='ltr'><em>ist</em></span> <span class='ocrx_word' id='word_1_232' title='bbox 1126 3823 1182 3888; x_wconf 90' lang='lat' dir='ltr'><em>des</em></span> <span class='ocrx_word' id='word_1_233' title='bbox 1207 3824 1337 3888; x_wconf 85' lang='lat' dir='ltr'><em>Hauses</em></span> 
     </span>
     <span class='ocr_line' id='line_1_32' title="bbox 267 3930 1336 4015; baseline -0.003 -18"><span class='ocrx_word' id='word_1_234' title='bbox 267 3933 493 4015; x_wconf 81' lang='lat' dir='ltr'>vielborufeno,</span> <span class='ocrx_word' id='word_1_235' title='bbox 519 3955 579 3997; x_wconf 86' lang='lat' dir='ltr'><em>von</em></span> <span class='ocrx_word' id='word_1_236' title='bbox 604 3932 698 3996; x_wconf 86' lang='lat' dir='ltr'>Aller</span> <span class='ocrx_word' id='word_1_237' title='bbox 722 3930 827 3996; x_wconf 86' lang='lat' dir='ltr'>Mund</span> <span class='ocrx_word' id='word_1_238' title='bbox 852 3931 1034 3996; x_wconf 76' lang='lat' dir='ltr'>stromondc</span> <span class='ocrx_word' id='word_1_239' title='bbox 1058 3931 1336 4014; x_wconf 53' lang='lat' dir='ltr'>Janrmerklago‘g</span> 
     </span>
     <span class='ocr_line' id='line_1_33' title="bbox 267 4037 1338 4127; baseline -0.004 -21"><span class='ocrx_word' id='word_1_240' title='bbox 267 4041 428 4106; x_wconf 79' lang='lat' dir='ltr'><em>advocans</em></span> <span class='ocrx_word' id='word_1_241' title='bbox 454 4039 535 4111; x_wconf 82' lang='lat' dir='ltr'>Oed,</span> <span class='ocrx_word' id='word_1_242' title='bbox 553 4039 623 4112; x_wconf 76' lang='lat' dir='ltr'>Col,</span> <span class='ocrx_word' id='word_1_243' title='bbox 642 4046 716 4110; x_wconf 72' lang='lat'><em>597,</em></span> <span class='ocrx_word' id='word_1_244' title='bbox 769 4049 840 4127; x_wconf 79' lang='grc' dir='ltr'><em>Τρις</em></span> <span class='ocrx_word' id='word_1_245' title='bbox 857 4047 964 4103; x_wconf 75' lang='grc' dir='ltr'><em>ποίοιν</em></span> <span class='ocrx_word' id='word_1_246' title='bbox 980 4039 1013 4102; x_wconf 89' lang='lat' dir='ltr'><em>in</em></span> <span class='ocrx_word' id='word_1_247' title='bbox 1029 4037 1338 4121; x_wconf 84' lang='lat' dir='ltr'>hac-compositione</span> 
     </span>
     <span class='ocr_line' id='line_1_34' title="bbox 264 4135 1338 4242; baseline 0.001 -29"><span class='ocrx_word' id='word_1_248' title='bbox 264 4144 353 4216; x_wconf 82' lang='lat' dir='ltr'>idom</span> <span class='ocrx_word' id='word_1_249' title='bbox 378 4135 473 4214; x_wconf 89' lang='lat' dir='ltr'>sonat</span> <span class='ocrx_word' id='word_1_250' title='bbox 490 4147 577 4236; x_wconf 82' lang='lat' dir='ltr'>quod</span> <span class='ocrx_word' id='word_1_251' title='bbox 601 4148 633 4211; x_wconf 91' lang='lat' dir='ltr'><em>in</em></span> <span class='ocrx_word' id='word_1_252' title='bbox 651 4148 796 4230; x_wconf 85' lang='lat' dir='ltr'>cognatis</span> <span class='ocrx_word' id='word_1_253' title='bbox 818 4146 1016 4242; x_wconf 75' lang='grc' dir='ltr'><em>τρισάθλιος,</em></span> <span class='ocrx_word' id='word_1_254' title='bbox 1042 4149 1338 4242; x_wconf 77' lang='grc' dir='ltr'><em>τρισκακοδαίμων,</em></span> 
     </span>
    </p>
   </div>
   <div class='ocr_carea' id='block_1_3' title="bbox 0 0 1562 4996">
    <p class='ocr_par' dir='ltr' id='par_1_8' title="bbox 0 0 1562 4996">
     <span class='ocr_line' id='line_1_35' title="bbox 0 0 1562 4996; baseline 0 0"><span class='ocrx_word' id='word_1_255' title='bbox 0 0 1562 4996; x_wconf 95' lang='lat' dir='ltr'><em> </em></span> 
     </span>
    </p>
   </div>
  </div>
 </body>
</html>
