3116 4996
651 491 873 557 -89.-

338 685 502 778 Summam
531 685 723 752 industriam
753 692 993 768 extremamque
1022 685 1166 768 corporis
1194 685 1304 755 intem.

229 797 351 876 tionem
372 793 551 877 significare
575 793 679 859 solent
702 798 735 858 et
753 790 872 858 Graeci
895 799 927 858 et
943 791 1054 857 Latini
1077 798 1110 857 et
1133 797 1295 857 nostrates

232 901 336 967 forma
351 901 495 983 vulgata:
513 900 661 965 manibus
677 898 885 982 pedibusque.
925 899 997 964 Iam
1013 898 1132 980 legitur
1147 899 1179 963 in
1194 898 1293 963 Hom.

229 1006 269 1074 Il.
295 1009 425 1076 1²306:

229 1113 297 1184 ἀλλ’
315 1111 415 1185 ὅσσον
429 1119 490 1202 μὲν
506 1114 568 1201 ίγῶ
586 1111 726 1202 δύναμαι
742 1120 851 1202 χερσίν
873 1141 910 1182 τε
925 1117 1024 1183 ποσίν
1044 1141 1079 1181 τε
1088 1111 1099 1200 l
1113 1118 1167 1182 καί
1183 1118 1294 1183 σθένει

230 1227 262 1286 et
285 1223 317 1287 in
341 1219 435 1292 Pind.
461 1220 512 1291 01.
529 1221 576 1302 X,
603 1224 661 1292 61:
685 1224 778 1308 ἔλαχε
802 1226 969 1307 στέφανον
985 1219 995 1304 l
1011 1226 1149 1308 χείρεσσι
1172 1226 1271 1290 τιοσὶν

229 1356 265 1396 τε
289 1333 343 1398 καί
366 1326 492 1416 ἅρματι,
526 1333 595 1393 tum
628 1349 681 1411 ap,
713 1326 868 1399 Aeschin,
902 1327 942 1392 de
966 1326 1038 1396 fals.
1073 1326 1132 1409 leg.
1165 1325 1184 1414 ξ
1211 1329 1293 1399 115;

228 1435 423 1523 τιμωρήσειν
451 1440 504 1504 καί
528 1440 608 1522 χειρί
624 1441 678 1504 καί
693 1441 774 1504 τιοδὶ
798 1440 851 1504 καί
871 1439 1036 1521 φωνῇκαὶ
1053 1433 1141 1521 κείσῃ
1159 1430 1294 1522 δννιίμει

229 1549 262 1607 et
278 1563 304 1608 c.
322 1541 585 1629 Ctesiph,§109:
603 1540 781 1632 βοηθήσειν
797 1548 851 1612 καί
867 1547 948 1629 χειρὶ
964 1546 1018 1610 καί
1034 1545 1115 1610 ποδὶ
1133 1547 1187 1609 καὶ
1204 1537 1293 1626 κείσῃ

228 1650 373 1737 δυνάμει.
413 1649 548 1715 Temere
573 1651 665 1732 quasi
691 1670 728 1714 ac
752 1649 886 1716 fortuito
911 1647 1084 1732 Euripides
1117 1646 1159 1712 ad
1181 1649 1291 1714 tritam

228 1755 355 1820 dicendi
379 1755 549 1821 formulam
583 1756 735 1822 alludisse
768 1754 894 1820 videtur
916 1754 1087 1819 Hecubam
1112 1753 1291 1820 exclaman-

228 1869 292 1928 tem
317 1862 452 1933 faciens:

229 1985 309 2052 Hec.
335 1989 414 2059 836:
439 1992 470 2058 εί
489 2016 545 2075 μοι
568 1994 697 2078 γένοιτο
722 1990 872 2077 φθόγγος
895 1991 930 2059 ἕν
953 1993 1100 2074 βραχίοσι

387 2101 441 2165 καί
464 2102 552 2184 χερσὶ
575 2102 628 2167 καὶ
652 2098 780 2184 κόμαισι
803 2102 856 2166 καὶ
880 2102 997 2166 ποδῶν
1020 2091 1119 2178 βάσει.

226 2199 402 2284 Perperam
426 2209 535 2268 autern
559 2204 664 2268 versui
680 2207 743 2270 837
768 2205 799 2268 in
822 2201 911 2286 App.
935 2211 1024 2286 prov.
1041 2201 1108 2283 ΙΙΙ,
1127 2205 1169 2265 38
1192 2201 1291 2266 allato

225 2303 309 2371 hanc
347 2306 493 2373 additam
532 2310 776 2394 explicationem
814 2308 963 2392 legimus:
1003 2306 1077 2378 mot
1105 2315 1169 2378 cod
1192 2313 1291 2377 παντί

226 2413 350 2500 τρόπον,
374 2420 428 2484 καί
451 2418 558 2503 ἔργοις
591 2413 723 2505 δηλαδὴ,
748 2415 767 2484 ὃ
799 2422 896 2504 δηλοῖ
925 2415 978 2485 διὰ
1012 2423 1075 2484 τοῦ
1107 2419 1205 2501 χερσί,
1238 2419 1291 2483 καί

225 2520 422 2605 κατανεύσει,
453 2529 556 2592 τοῦτο
585 2523 644 2612 γὰρ
668 2529 812 2611 σημαίνει
836 2523 876 2591 τὸ
906 2523 1043 2609 κόμαισι,
1073 2527 1127 2590 καί
1157 2527 1290 2604 βαδίσει,

225 2627 245 2694 ii
268 2634 365 2715 δηλοῖ
385 2629 437 2698 διὰ
462 2637 530 2699 τῶν
553 2637 672 2700 νιοδῶν
687 2635 741 2700 καί
764 2639 822 2718 τῆς
845 2629 990 2713 deiectae:
1013 2649 1096 2711 quae
1109 2628 1289 2712 explicatis,

224 2756 283 2818 per
306 2756 340 2800 se
365 2734 452 2800 haud
475 2738 595 2820 inepta,
620 2738 680 2802 nisi
705 2759 744 2802 ex
766 2736 830 2802 loci
850 2757 972 2801 conexu
997 2735 1166 2818 desumpto
1185 2733 1288 2799 versui

226 2863 390 2924 nunquam
414 2842 553 2908 adscribi
577 2844 692 2927 potuit.
739 2843 891 2910 Ceterum
921 2842 959 2908 cf.
984 2841 1072 2907 Mac.
1097 2842 1139 2924 V,
1173 2847 1208 2907 5:
1233 2848 1287 2911 καί

225 2955 305 3038 χειρί
328 2955 381 3020 καί
405 2956 485 3019 ποδὶ
508 2959 630 3038 βοηθεῖ
661 2948 757 3038 ὁμοία
782 2959 822 3038 τῇ
849 2951 959 3021 πάντα
981 2951 1092 3020 κάλεον
1116 2955 1221 3021 σείειν.
1247 2989 1288 2999 -

331 3055 510 3139 Postquam
550 3056 779 3139 digressionem
818 3058 946 3122 brevem
984 3056 1056 3140 feci,
1098 3064 1135 3121 ut
1174 3055 1289 3122 similia

226 3164 461 3245 coniungerem,
492 3164 589 3228 redeo
614 3162 656 3229 ad
681 3164 852 3248 proverbia
876 3186 915 3229 ex
937 3165 1091 3230 institutis
1116 3164 1287 3231 socialibus

226 3270 383 3354 profecta.

332 3376 387 3443 Ad
416 3398 538 3443 morem
572 3379 714 3461 aliquem
742 3381 876 3447 convivii
906 3385 1065 3463 spectans,
1094 3386 1131 3444 ut
1159 3378 1285 3444 videtur

224 3483 482 3568 Clytaemnestra
511 3487 689 3551 orationem
714 3509 804 3552 suam
830 3488 870 3554 de
898 3489 1013 3553 merita
1033 3487 1288 3570 Agamemnonis

224 3597 328 3655 morte
352 3592 397 3656 sic
420 3592 507 3663 finit:
531 3592 651 3664 Aesch.
675 3593 794 3676 Agam.
822 3600 923 3667 1397:

332 3706 511 3770 τοσῶνδε
535 3701 702 3790 κρατῆρ’
727 3703 763 3771 εἰ·
788 3703 901 3789 δόμοις
925 3709 1060 3770 κακῶν
1085 3697 1150 3768 ὅδε

331 3807 477 3893 κλήσεις
500 3804 622 3896 ιῖραίιον
646 3806 768 3885 αὐτὸς
791 3813 944 3879 ἐκπίνει
967 3809 1078 3896 μοίῶν

224 3914 243 3977 i.
270 3935 295 3980 e.
322 3914 381 3978 sibi
403 3915 465 3998 ipsi
488 3915 660 3998 perniciem
676 3917 811 4000 paravit,
858 3916 910 3980 Ex
925 3915 987 3981 hoc
1003 3915 1092 3980 fonte
1108 3915 1287 3979 manavisse

225 4042 339 4086 censeo
363 4021 578 4106 proverbium,
604 4021 691 4105 quod
722 4023 819 4107 Diog,
844 4023 911 4109 Ill,
942 4028 984 4088 22
1017 4030 1050 4088 et
1078 4025 1191 4106 Apost.
1224 4023 1285 4105 IV,

223 4132 265 4204 47
296 4128 451 4204 afferunt:
480 4127 570 4220 αι’·τῶ
598 4138 734 4230 κρητῆρι
762 4137 834 4228 γίνῃ
858 4130 951 4214 κακά,
977 4152 1071 4220 quam
1095 4130 1286 4220 scripturam
